%% LaTeX2e file `references.bib'
%% generated by the `filecontents' environment
%% from source `template' on 2025/01/23.
%%

@book{goodfellow2016deep,
  title={Deep learning},
  author={Goodfellow, Ian and Bengio, Yoshua and Courville, Aaron and Bengio, Yoshua},
  volume={1},
  year={2016},
  publisher={MIT Press}
}

@article{vaswani2017attention,
  title={Attention is all you need},
  author={Vaswani, Ashish and Shazeer, Noam and Parmar, Niki and Uszkoreit, Jakob and Jones, Llion and Gomez, Aidan N and Kaiser, {\L}ukasz and Polosukhin, Illia},
  journal={Advances in neural information processing systems},
  volume={30},
  year={2017}
}

@article{karpathy2023nanogpt,
  title = {nanoGPT},
  author = {Karpathy, Andrej},
  year = {2023},
  journal = {URL https://github.com/karpathy/nanoGPT/tree/master},
  note = {GitHub repository}
}

@article{kingma2014adam,
  title={Adam: A method for stochastic optimization},
  author={Kingma, Diederik P and Ba, Jimmy},
  journal={arXiv preprint arXiv:1412.6980},
  year={2014}
}

@article{ba2016layer,
  title={Layer normalization},
  author={Ba, Jimmy Lei and Kiros, Jamie Ryan and Hinton, Geoffrey E},
  journal={arXiv preprint arXiv:1607.06450},
  year={2016}
}

@article{loshchilov2017adamw,
  title={Decoupled weight decay regularization},
  author={Loshchilov, Ilya and Hutter, Frank},
  journal={arXiv preprint arXiv:1711.05101},
  year={2017}
}

@article{radford2019language,
  title={Language Models are Unsupervised Multitask Learners},
  author={Radford, Alec and Wu, Jeff and Child, Rewon and Luan, David and Amodei, Dario and Sutskever, Ilya},
  year={2019}
}

@article{bahdanau2014neural,
  title={Neural machine translation by jointly learning to align and translate},
  author={Bahdanau, Dzmitry and Cho, Kyunghyun and Bengio, Yoshua},
  journal={arXiv preprint arXiv:1409.0473},
  year={2014}
}

@article{paszke2019pytorch,
  title={Pytorch: An imperative style, high-performance deep learning library},
  author={Paszke, Adam and Gross, Sam and Massa, Francisco and Lerer, Adam and Bradbury, James and Chanan, Gregory and Killeen, Trevor and Lin, Zeming and Gimelshein, Natalia and Antiga, Luca and others},
  journal={Advances in neural information processing systems},
  volume={32},
  year={2019}
}

@misc{gpt4,
  title={GPT-4 Technical Report},
  author={OpenAI},
  year={2024},
  eprint={2303.08774},
  archivePrefix={arXiv},
  primaryClass={cs.CL},
  url={https://arxiv.org/abs/2303.08774},
}

@Article{Olshausen1996EmergenceOS,
 author = {B. Olshausen and D. Field},
 booktitle = {Nature},
 journal = {Nature},
 pages = {607-609},
 title = {Emergence of simple-cell receptive field properties by learning a sparse code for natural images},
 volume = {381},
 year = {1996}
}


@Article{Han2015DeepCC,
 author = {Song Han and Huizi Mao and W. Dally},
 booktitle = {International Conference on Learning Representations},
 journal = {arXiv: Computer Vision and Pattern Recognition},
 title = {Deep Compression: Compressing Deep Neural Network with Pruning, Trained Quantization and Huffman Coding},
 year = {2015}
}


@Article{Han2015DeepCC,
 author = {Song Han and Huizi Mao and W. Dally},
 booktitle = {International Conference on Learning Representations},
 journal = {arXiv: Computer Vision and Pattern Recognition},
 title = {Deep Compression: Compressing Deep Neural Network with Pruning, Trained Quantization and Huffman Coding},
 year = {2015}
}


@Article{Han2015DeepCC,
 author = {Song Han and Huizi Mao and W. Dally},
 booktitle = {International Conference on Learning Representations},
 journal = {arXiv: Computer Vision and Pattern Recognition},
 title = {Deep Compression: Compressing Deep Neural Network with Pruning, Trained Quantization and Huffman Coding},
 year = {2015}
}


@Article{Han2015DeepCC,
 author = {Song Han and Huizi Mao and W. Dally},
 booktitle = {International Conference on Learning Representations},
 journal = {arXiv: Computer Vision and Pattern Recognition},
 title = {Deep Compression: Compressing Deep Neural Network with Pruning, Trained Quantization and Huffman Coding},
 year = {2015}
}


@Article{Gao2020ThePA,
 author = {Leo Gao and Stella Biderman and Sid Black and Laurence Golding and Travis Hoppe and Charles Foster and Jason Phang and Horace He and Anish Thite and Noa Nabeshima and Shawn Presser and Connor Leahy},
 booktitle = {arXiv.org},
 journal = {ArXiv},
 title = {The Pile: An 800GB Dataset of Diverse Text for Language Modeling},
 volume = {abs/2101.00027},
 year = {2020}
}


@Article{Bengio2013EstimatingOP,
 author = {Yoshua Bengio and Nicholas Léonard and Aaron C. Courville},
 booktitle = {arXiv.org},
 journal = {ArXiv},
 title = {Estimating or Propagating Gradients Through Stochastic Neurons for Conditional Computation},
 volume = {abs/1308.3432},
 year = {2013}
}


@Article{Bengio2013EstimatingOP,
 author = {Yoshua Bengio and Nicholas Léonard and Aaron C. Courville},
 booktitle = {arXiv.org},
 journal = {ArXiv},
 title = {Estimating or Propagating Gradients Through Stochastic Neurons for Conditional Computation},
 volume = {abs/1308.3432},
 year = {2013}
}


@Article{Bengio2013EstimatingOP,
 author = {Yoshua Bengio and Nicholas Léonard and Aaron C. Courville},
 booktitle = {arXiv.org},
 journal = {ArXiv},
 title = {Estimating or Propagating Gradients Through Stochastic Neurons for Conditional Computation},
 volume = {abs/1308.3432},
 year = {2013}
}


@Article{Schütze2016LearningED,
 author = {H. Schütze and E. Barth and T. Martinetz},
 booktitle = {IEEE Transactions on Computational Imaging},
 journal = {IEEE Transactions on Computational Imaging},
 pages = {177-189},
 title = {Learning Efficient Data Representations With Orthogonal Sparse Coding},
 volume = {2},
 year = {2016}
}


@Article{Bengio2013EstimatingOP,
 author = {Yoshua Bengio and Nicholas Léonard and Aaron C. Courville},
 booktitle = {arXiv.org},
 journal = {ArXiv},
 title = {Estimating or Propagating Gradients Through Stochastic Neurons for Conditional Computation},
 volume = {abs/1308.3432},
 year = {2013}
}


@Article{Yin2019UnderstandingSE,
 author = {Penghang Yin and J. Lyu and Shuai Zhang and S. Osher and Y. Qi and J. Xin},
 booktitle = {International Conference on Learning Representations},
 journal = {ArXiv},
 title = {Understanding Straight-Through Estimator in Training Activation Quantized Neural Nets},
 volume = {abs/1903.05662},
 year = {2019}
}


@Article{Banner2018PostT4,
 author = {Ron Banner and Yury Nahshan and Daniel Soudry},
 booktitle = {Neural Information Processing Systems},
 pages = {7948-7956},
 title = {Post training 4-bit quantization of convolutional networks for rapid-deployment},
 year = {2018}
}


@Article{Ailon2009TheFJ,
 author = {Nir Ailon and B. Chazelle},
 booktitle = {SIAM journal on computing (Print)},
 journal = {SIAM J. Comput.},
 pages = {302-322},
 title = {The Fast Johnson--Lindenstrauss Transform and Approximate Nearest Neighbors},
 volume = {39},
 year = {2009}
}


@Article{Alistarh2016QSGDCS,
 author = {Dan Alistarh and Demjan Grubic and Jerry Li and Ryota Tomioka and Milan Vojnovic},
 booktitle = {Neural Information Processing Systems},
 pages = {1709-1720},
 title = {QSGD: Communication-Efficient SGD via Gradient Quantization and Encoding},
 year = {2016}
}


@Article{Chauhan2023PostTM,
 author = {Arun Chauhan and Utsav Tiwari and Vikram N R},
 booktitle = {2023 IEEE/CVF International Conference on Computer Vision Workshops (ICCVW)},
 journal = {2023 IEEE/CVF International Conference on Computer Vision Workshops (ICCVW)},
 pages = {1335-1344},
 title = {Post Training Mixed Precision Quantization of Neural Networks using First-Order Information},
 year = {2023}
}

@Inproceedings{Sun2024GradientbasedAM,
 author = {Chang Sun and T. Aarrestad and V. Loncar and J. Ngadiuba and M. Spiropulu},
 title = {Gradient-based Automatic Mixed Precision Quantization for Neural Networks On-Chip},
 year = {2024}
}


@Article{Banner2018PostT4,
 author = {Ron Banner and Yury Nahshan and Daniel Soudry},
 booktitle = {Neural Information Processing Systems},
 pages = {7948-7956},
 title = {Post training 4-bit quantization of convolutional networks for rapid-deployment},
 year = {2018}
}

