%% LaTeX2e file `references.bib'
%% generated by the `filecontents' environment
%% from source `template' on 2025/01/22.
%%

@book{goodfellow2016deep,
  title={Deep learning},
  author={Goodfellow, Ian and Bengio, Yoshua and Courville, Aaron and Bengio, Yoshua},
  volume={1},
  year={2016},
  publisher={MIT Press}
}

@article{vaswani2017attention,
  title={Attention is all you need},
  author={Vaswani, Ashish and Shazeer, Noam and Parmar, Niki and Uszkoreit, Jakob and Jones, Llion and Gomez, Aidan N and Kaiser, {\L}ukasz and Polosukhin, Illia},
  journal={Advances in neural information processing systems},
  volume={30},
  year={2017}
}

@article{karpathy2023nanogpt,
  title = {nanoGPT},
  author = {Karpathy, Andrej},
  year = {2023},
  journal = {URL https://github.com/karpathy/nanoGPT/tree/master},
  note = {GitHub repository}
}

@article{kingma2014adam,
  title={Adam: A method for stochastic optimization},
  author={Kingma, Diederik P and Ba, Jimmy},
  journal={arXiv preprint arXiv:1412.6980},
  year={2014}
}

@article{ba2016layer,
  title={Layer normalization},
  author={Ba, Jimmy Lei and Kiros, Jamie Ryan and Hinton, Geoffrey E},
  journal={arXiv preprint arXiv:1607.06450},
  year={2016}
}

@article{loshchilov2017adamw,
  title={Decoupled weight decay regularization},
  author={Loshchilov, Ilya and Hutter, Frank},
  journal={arXiv preprint arXiv:1711.05101},
  year={2017}
}

@article{radford2019language,
  title={Language Models are Unsupervised Multitask Learners},
  author={Radford, Alec and Wu, Jeff and Child, Rewon and Luan, David and Amodei, Dario and Sutskever, Ilya},
  year={2019}
}

@article{bahdanau2014neural,
  title={Neural machine translation by jointly learning to align and translate},
  author={Bahdanau, Dzmitry and Cho, Kyunghyun and Bengio, Yoshua},
  journal={arXiv preprint arXiv:1409.0473},
  year={2014}
}

@article{paszke2019pytorch,
  title={Pytorch: An imperative style, high-performance deep learning library},
  author={Paszke, Adam and Gross, Sam and Massa, Francisco and Lerer, Adam and Bradbury, James and Chanan, Gregory and Killeen, Trevor and Lin, Zeming and Gimelshein, Natalia and Antiga, Luca and others},
  journal={Advances in neural information processing systems},
  volume={32},
  year={2019}
}

@misc{gpt4,
  title={GPT-4 Technical Report},
  author={OpenAI},
  year={2024},
  eprint={2303.08774},
  archivePrefix={arXiv},
  primaryClass={cs.CL},
  url={https://arxiv.org/abs/2303.08774},
}

@Article{Zeiler2013VisualizingAU,
 author = {Matthew D. Zeiler and R. Fergus},
 booktitle = {European Conference on Computer Vision},
 journal = {ArXiv},
 title = {Visualizing and Understanding Convolutional Networks},
 volume = {abs/1311.2901},
 year = {2013}
}


@Book{Ribeiro2016WhySI,
 author = {Marco Tulio Ribeiro and Sameer Singh and Carlos Guestrin},
 booktitle = {North American Chapter of the Association for Computational Linguistics},
 journal = {Proceedings of the 22nd ACM SIGKDD International Conference on Knowledge Discovery and Data Mining},
 title = {“Why Should I Trust You?”: Explaining the Predictions of Any Classifier},
 year = {2016}
}


@Article{Chen2019RobustAR,
 author = {Jiefeng Chen and Xi Wu and Vaibhav Rastogi and Yingyu Liang and S. Jha},
 booktitle = {Neural Information Processing Systems},
 journal = {ArXiv},
 title = {Robust Attribution Regularization},
 volume = {abs/1905.09957},
 year = {2019}
}


@Article{Cunningham2023SparseAF,
 author = {Hoagy Cunningham and Aidan Ewart and Logan Riggs and R. Huben and Lee Sharkey},
 booktitle = {International Conference on Learning Representations},
 journal = {ArXiv},
 title = {Sparse Autoencoders Find Highly Interpretable Features in Language Models},
 volume = {abs/2309.08600},
 year = {2023}
}


@Article{Bengio2007LearningDA,
 author = {Yoshua Bengio},
 booktitle = {Found. Trends Mach. Learn.},
 journal = {Found. Trends Mach. Learn.},
 pages = {1-127},
 title = {Learning Deep Architectures for AI},
 volume = {2},
 year = {2007}
}


@Article{Dunefsky2024TranscodersFI,
 author = {Jacob Dunefsky and Philippe Chlenski and Neel Nanda},
 booktitle = {arXiv.org},
 journal = {ArXiv},
 title = {Transcoders Find Interpretable LLM Feature Circuits},
 volume = {abs/2406.11944},
 year = {2024}
}

@Article{Makelov2024TowardsPE,
 author = {Aleksandar Makelov and Georg Lange and Neel Nanda},
 booktitle = {arXiv.org},
 journal = {ArXiv},
 title = {Towards Principled Evaluations of Sparse Autoencoders for Interpretability and Control},
 volume = {abs/2405.08366},
 year = {2024}
}


@Article{Chen2020ASF,
 author = {Ting Chen and Simon Kornblith and Mohammad Norouzi and Geoffrey E. Hinton},
 booktitle = {International Conference on Machine Learning},
 journal = {ArXiv},
 title = {A Simple Framework for Contrastive Learning of Visual Representations},
 volume = {abs/2002.05709},
 year = {2020}
}


@Article{Cao2021EditingFK,
 author = {Nicola De Cao and Wilker Aziz and Ivan Titov},
 booktitle = {Conference on Empirical Methods in Natural Language Processing},
 pages = {6491-6506},
 title = {Editing Factual Knowledge in Language Models},
 year = {2021}
}


@Article{Paulo2024AutomaticallyIM,
 author = {Gonccalo Paulo and Alex Troy Mallen and Caden Juang and Nora Belrose},
 booktitle = {arXiv.org},
 journal = {ArXiv},
 title = {Automatically Interpreting Millions of Features in Large Language Models},
 volume = {abs/2410.13928},
 year = {2024}
}


@Article{Hjelm2018LearningDR,
 author = {R. Devon Hjelm and A. Fedorov and Samuel Lavoie-Marchildon and Karan Grewal and Adam Trischler and Yoshua Bengio},
 booktitle = {International Conference on Learning Representations},
 journal = {ArXiv},
 title = {Learning deep representations by mutual information estimation and maximization},
 volume = {abs/1808.06670},
 year = {2018}
}


@Article{Cao2021EditingFK,
 author = {Nicola De Cao and Wilker Aziz and Ivan Titov},
 booktitle = {Conference on Empirical Methods in Natural Language Processing},
 pages = {6491-6506},
 title = {Editing Factual Knowledge in Language Models},
 year = {2021}
}


@Article{Arik2019AttentionBasedPL,
 author = {Sercan Ö. Arik and Tomas Pfister},
 booktitle = {arXiv.org},
 journal = {ArXiv},
 title = {Attention-Based Prototypical Learning Towards Interpretable, Confident and Robust Deep Neural Networks},
 volume = {abs/1902.06292},
 year = {2019}
}


@Article{Elhage2022ToyMO,
 author = {Nelson Elhage and Tristan Hume and Catherine Olsson and Nicholas Schiefer and T. Henighan and Shauna Kravec and Zac Hatfield-Dodds and R. Lasenby and Dawn Drain and Carol Chen and R. Grosse and Sam McCandlish and Jared Kaplan and Dario Amodei and M. Wattenberg and C. Olah},
 booktitle = {arXiv.org},
 journal = {ArXiv},
 title = {Toy Models of Superposition},
 volume = {abs/2209.10652},
 year = {2022}
}


@Article{Bau2017NetworkDQ,
 author = {David Bau and Bolei Zhou and A. Khosla and A. Oliva and A. Torralba},
 booktitle = {Computer Vision and Pattern Recognition},
 journal = {2017 IEEE Conference on Computer Vision and Pattern Recognition (CVPR)},
 pages = {3319-3327},
 title = {Network Dissection: Quantifying Interpretability of Deep Visual Representations},
 year = {2017}
}

