%% LaTeX2e file `references.bib'
%% generated by the `filecontents' environment
%% from source `template' on 2025/01/26.
%%

@book{goodfellow2016deep,
  title={Deep learning},
  author={Goodfellow, Ian and Bengio, Yoshua and Courville, Aaron and Bengio, Yoshua},
  volume={1},
  year={2016},
  publisher={MIT Press}
}

@article{vaswani2017attention,
  title={Attention is all you need},
  author={Vaswani, Ashish and Shazeer, Noam and Parmar, Niki and Uszkoreit, Jakob and Jones, Llion and Gomez, Aidan N and Kaiser, {\L}ukasz and Polosukhin, Illia},
  journal={Advances in neural information processing systems},
  volume={30},
  year={2017}
}

@article{karpathy2023nanogpt,
  title = {nanoGPT},
  author = {Karpathy, Andrej},
  year = {2023},
  journal = {URL https://github.com/karpathy/nanoGPT/tree/master},
  note = {GitHub repository}
}

@article{kingma2014adam,
  title={Adam: A method for stochastic optimization},
  author={Kingma, Diederik P and Ba, Jimmy},
  journal={arXiv preprint arXiv:1412.6980},
  year={2014}
}

@article{ba2016layer,
  title={Layer normalization},
  author={Ba, Jimmy Lei and Kiros, Jamie Ryan and Hinton, Geoffrey E},
  journal={arXiv preprint arXiv:1607.06450},
  year={2016}
}

@article{loshchilov2017adamw,
  title={Decoupled weight decay regularization},
  author={Loshchilov, Ilya and Hutter, Frank},
  journal={arXiv preprint arXiv:1711.05101},
  year={2017}
}

@article{radford2019language,
  title={Language Models are Unsupervised Multitask Learners},
  author={Radford, Alec and Wu, Jeff and Child, Rewon and Luan, David and Amodei, Dario and Sutskever, Ilya},
  year={2019}
}

@article{bahdanau2014neural,
  title={Neural machine translation by jointly learning to align and translate},
  author={Bahdanau, Dzmitry and Cho, Kyunghyun and Bengio, Yoshua},
  journal={arXiv preprint arXiv:1409.0473},
  year={2014}
}

@article{paszke2019pytorch,
  title={Pytorch: An imperative style, high-performance deep learning library},
  author={Paszke, Adam and Gross, Sam and Massa, Francisco and Lerer, Adam and Bradbury, James and Chanan, Gregory and Killeen, Trevor and Lin, Zeming and Gimelshein, Natalia and Antiga, Luca and others},
  journal={Advances in neural information processing systems},
  volume={32},
  year={2019}
}

@misc{gpt4,
  title={GPT-4 Technical Report},
  author={OpenAI},
  year={2024},
  eprint={2303.08774},
  archivePrefix={arXiv},
  primaryClass={cs.CL},
  url={https://arxiv.org/abs/2303.08774},
}

@Article{Bengio2012RepresentationLA,
 author = {Yoshua Bengio and Aaron C. Courville and Pascal Vincent},
 booktitle = {IEEE Transactions on Pattern Analysis and Machine Intelligence},
 journal = {IEEE Transactions on Pattern Analysis and Machine Intelligence},
 pages = {1798-1828},
 title = {Representation Learning: A Review and New Perspectives},
 volume = {35},
 year = {2012}
}


@Article{Burgess2018UnderstandingDI,
 author = {Christopher P. Burgess and I. Higgins and Arka Pal and L. Matthey and Nicholas Watters and Guillaume Desjardins and Alexander Lerchner},
 booktitle = {arXiv.org},
 journal = {ArXiv},
 title = {Understanding disentangling in β-VAE},
 volume = {abs/1804.03599},
 year = {2018}
}


@Article{Cunningham2023SparseAF,
 author = {Hoagy Cunningham and Aidan Ewart and Logan Riggs and R. Huben and Lee Sharkey},
 booktitle = {International Conference on Learning Representations},
 journal = {ArXiv},
 title = {Sparse Autoencoders Find Highly Interpretable Features in Language Models},
 volume = {abs/2309.08600},
 year = {2023}
}


@Inproceedings{Hughes2000AUI,
 author = {Howard Hughes and M. Girolami and A. J. Bell and T. Sejnowski},
 title = {A Unifying Information-Theoretic Framework for Independent Component Analysis},
 year = {2000}
}


@Article{Bansal2018CanWG,
 author = {Nitin Bansal and Xiaohan Chen and Zhangyang Wang},
 booktitle = {Neural Information Processing Systems},
 pages = {4266-4276},
 title = {Can We Gain More from Orthogonality Regularizations in Training Deep CNNs?},
 year = {2018}
}


@Article{Mesnard2024GemmaOM,
 author = {Gemma Team Thomas Mesnard and Cassidy Hardin and Robert Dadashi and Surya Bhupatiraju and Shreya Pathak and L. Sifre and Morgane Rivière and Mihir Kale and J Christopher Love and P. Tafti and L'eonard Hussenot and Aakanksha Chowdhery and Adam Roberts and Aditya Barua and Alex Botev and Alex Castro-Ros and Ambrose Slone and Am'elie H'eliou and Andrea Tacchetti and Anna Bulanova and Antonia Paterson and Beth Tsai and Bobak Shahriari and Charline Le Lan and Christopher A. Choquette-Choo and Clé-ment Crepy and Daniel Cer and Daphne Ippolito and David Reid and Elena Buchatskaya and Eric Ni and Eric Noland and Geng Yan and George Tucker and George-Christian Muraru and Grig-ory Rozhdestvenskiy and H. Michalewski and Ian Tenney and Ivan Grishchenko and Jacob Austin and James Keeling and Jane Labanowski and Jean-Baptiste Lespiau and J. Stanway and Jenny Brennan and Jeremy Chen and Johan Ferret and Justin Chiu and J. Mao-Jones and Kather-ine Lee and Kathy Yu and Katie Millican and Lars Lowe Sjoesund and Lisa Lee and Lucas Dixon and Machel Reid and Maciej Mikuła and Mateo Wirth and Michael Sharman and Nikolai Chinaev and Nithum Thain and Olivier Bachem and Oscar Chang and O. Wahltinez and Paige Bailey and Paul Michel and Petko Yotov and Pier Giuseppe Sessa and Rahma Chaabouni and Ramona Comanescu and Reena Jana and Rohan Anil and Ross McIlroy and Ruibo Liu and Ryan Mullins and Samuel L Smith and Sebastian Borgeaud and Sertan Girgin and Sholto Douglas and Shree Pandya and Siamak Shakeri and Soham De and Ted Klimenko and Tom Hennigan and Vladimir Feinberg and Wojciech Stokowiec and Yu-hui Chen and Zafarali Ahmed and Zhitao Gong and Tris Warkentin and Ludovic Peran and Minh Giang and Clément Farabet and O. Vinyals and Jeffrey Dean and K. Kavukcuoglu and D. Hassabis and Z. Ghahramani and Douglas Eck and Joelle Barral and Fernando Pereira and Eli Collins and Armand Joulin and Noah Fiedel and Evan Senter and Alek Andreev and Kathleen Kenealy},
 booktitle = {arXiv.org},
 journal = {ArXiv},
 title = {Gemma: Open Models Based on Gemini Research and Technology},
 volume = {abs/2403.08295},
 year = {2024}
}


@Article{Cao2020HeteroskedasticAI,
 author = {Kaidi Cao and Yining Chen and Junwei Lu and Nikos Aréchiga and Adrien Gaidon and Tengyu Ma},
 booktitle = {International Conference on Learning Representations},
 journal = {ArXiv},
 title = {Heteroskedastic and Imbalanced Deep Learning with Adaptive Regularization},
 volume = {abs/2006.15766},
 year = {2020}
}


@Article{Li2024ConvergenceAF,
 author = {Jianfei Li and Han Feng and Ding-Xuan Zhou},
 booktitle = {arXiv.org},
 journal = {ArXiv},
 title = {Convergence Analysis for Deep Sparse Coding via Convolutional Neural Networks},
 volume = {abs/2408.05540},
 year = {2024}
}


@Article{Li2024ConvergenceAF,
 author = {Jianfei Li and Han Feng and Ding-Xuan Zhou},
 booktitle = {arXiv.org},
 journal = {ArXiv},
 title = {Convergence Analysis for Deep Sparse Coding via Convolutional Neural Networks},
 volume = {abs/2408.05540},
 year = {2024}
}


@Article{Braun2024IdentifyingFI,
 author = {Dan Braun and Jordan K. Taylor and Nicholas Goldowsky-Dill and Lee Sharkey},
 booktitle = {arXiv.org},
 journal = {ArXiv},
 title = {Identifying Functionally Important Features with End-to-End Sparse Dictionary Learning},
 volume = {abs/2405.12241},
 year = {2024}
}


@Article{Smith2018ADA,
 author = {L. Smith},
 booktitle = {arXiv.org},
 journal = {ArXiv},
 title = {A disciplined approach to neural network hyper-parameters: Part 1 - learning rate, batch size, momentum, and weight decay},
 volume = {abs/1803.09820},
 year = {2018}
}


@Article{Day2023FeatureLA,
 author = {Hannah Day and Yonatan Kahn and Daniel A. Roberts},
 booktitle = {arXiv.org},
 journal = {ArXiv},
 title = {Feature Learning and Generalization in Deep Networks with Orthogonal Weights},
 volume = {abs/2310.07765},
 year = {2023}
}


@Article{Srivastava2014DropoutAS,
 author = {Nitish Srivastava and Geoffrey E. Hinton and A. Krizhevsky and I. Sutskever and R. Salakhutdinov},
 booktitle = {Journal of machine learning research},
 journal = {J. Mach. Learn. Res.},
 pages = {1929-1958},
 title = {Dropout: a simple way to prevent neural networks from overfitting},
 volume = {15},
 year = {2014}
}


@Article{Chen2022OnFL,
 author = {Zhengdao Chen and E. Vanden-Eijnden and Joan Bruna},
 booktitle = {International Conference on Learning Representations},
 journal = {ArXiv},
 title = {On Feature Learning in Neural Networks with Global Convergence Guarantees},
 volume = {abs/2204.10782},
 year = {2022}
}


@Article{Chen2022OnFL,
 author = {Zhengdao Chen and E. Vanden-Eijnden and Joan Bruna},
 booktitle = {International Conference on Learning Representations},
 journal = {ArXiv},
 title = {On Feature Learning in Neural Networks with Global Convergence Guarantees},
 volume = {abs/2204.10782},
 year = {2022}
}


@Article{Chen2022OnFL,
 author = {Zhengdao Chen and E. Vanden-Eijnden and Joan Bruna},
 booktitle = {International Conference on Learning Representations},
 journal = {ArXiv},
 title = {On Feature Learning in Neural Networks with Global Convergence Guarantees},
 volume = {abs/2204.10782},
 year = {2022}
}


@Article{Olshausen2013HighlyOS,
 author = {B. Olshausen},
 booktitle = {Electronic imaging},
 title = {Highly overcomplete sparse coding},
 volume = {8651},
 year = {2013}
}

