%% LaTeX2e file `references.bib'
%% generated by the `filecontents' environment
%% from source `template' on 2025/01/27.
%%

@book{goodfellow2016deep,
  title={Deep learning},
  author={Goodfellow, Ian and Bengio, Yoshua and Courville, Aaron and Bengio, Yoshua},
  volume={1},
  year={2016},
  publisher={MIT Press}
}

@article{vaswani2017attention,
  title={Attention is all you need},
  author={Vaswani, Ashish and Shazeer, Noam and Parmar, Niki and Uszkoreit, Jakob and Jones, Llion and Gomez, Aidan N and Kaiser, {\L}ukasz and Polosukhin, Illia},
  journal={Advances in neural information processing systems},
  volume={30},
  year={2017}
}

@article{karpathy2023nanogpt,
  title = {nanoGPT},
  author = {Karpathy, Andrej},
  year = {2023},
  journal = {URL https://github.com/karpathy/nanoGPT/tree/master},
  note = {GitHub repository}
}

@article{kingma2014adam,
  title={Adam: A method for stochastic optimization},
  author={Kingma, Diederik P and Ba, Jimmy},
  journal={arXiv preprint arXiv:1412.6980},
  year={2014}
}

@article{ba2016layer,
  title={Layer normalization},
  author={Ba, Jimmy Lei and Kiros, Jamie Ryan and Hinton, Geoffrey E},
  journal={arXiv preprint arXiv:1607.06450},
  year={2016}
}

@article{loshchilov2017adamw,
  title={Decoupled weight decay regularization},
  author={Loshchilov, Ilya and Hutter, Frank},
  journal={arXiv preprint arXiv:1711.05101},
  year={2017}
}

@article{radford2019language,
  title={Language Models are Unsupervised Multitask Learners},
  author={Radford, Alec and Wu, Jeff and Child, Rewon and Luan, David and Amodei, Dario and Sutskever, Ilya},
  year={2019}
}

@article{bahdanau2014neural,
  title={Neural machine translation by jointly learning to align and translate},
  author={Bahdanau, Dzmitry and Cho, Kyunghyun and Bengio, Yoshua},
  journal={arXiv preprint arXiv:1409.0473},
  year={2014}
}

@article{paszke2019pytorch,
  title={Pytorch: An imperative style, high-performance deep learning library},
  author={Paszke, Adam and Gross, Sam and Massa, Francisco and Lerer, Adam and Bradbury, James and Chanan, Gregory and Killeen, Trevor and Lin, Zeming and Gimelshein, Natalia and Antiga, Luca and others},
  journal={Advances in neural information processing systems},
  volume={32},
  year={2019}
}

@misc{gpt4,
  title={GPT-4 Technical Report},
  author={OpenAI},
  year={2024},
  eprint={2303.08774},
  archivePrefix={arXiv},
  primaryClass={cs.CL},
  url={https://arxiv.org/abs/2303.08774},
}

@Article{Cunningham2023SparseAF,
 author = {Hoagy Cunningham and Aidan Ewart and Logan Riggs and R. Huben and Lee Sharkey},
 booktitle = {International Conference on Learning Representations},
 journal = {ArXiv},
 title = {Sparse Autoencoders Find Highly Interpretable Features in Language Models},
 volume = {abs/2309.08600},
 year = {2023}
}


@Article{Olshausen1996EmergenceOS,
 author = {B. Olshausen and D. Field},
 booktitle = {Nature},
 journal = {Nature},
 pages = {607-609},
 title = {Emergence of simple-cell receptive field properties by learning a sparse code for natural images},
 volume = {381},
 year = {1996}
}


@Article{Bell1996EdgesAT,
 author = {A. J. Bell and T. Sejnowski},
 booktitle = {Neural Information Processing Systems},
 pages = {831-837},
 title = {Edges are the Independent Components of Natural Scenes},
 year = {1996}
}


@Article{Olshausen1996EmergenceOS,
 author = {B. Olshausen and D. Field},
 booktitle = {Nature},
 journal = {Nature},
 pages = {607-609},
 title = {Emergence of simple-cell receptive field properties by learning a sparse code for natural images},
 volume = {381},
 year = {1996}
}


@Article{Bell1996EdgesAT,
 author = {A. J. Bell and T. Sejnowski},
 booktitle = {Neural Information Processing Systems},
 pages = {831-837},
 title = {Edges are the Independent Components of Natural Scenes},
 year = {1996}
}


@Article{Mairal2009OnlineDL,
 author = {J. Mairal and F. Bach and J. Ponce and G. Sapiro},
 booktitle = {International Conference on Machine Learning},
 pages = {689-696},
 title = {Online dictionary learning for sparse coding},
 year = {2009}
}

@Article{Mairal2009OnlineLF,
 author = {J. Mairal and F. Bach and J. Ponce and G. Sapiro},
 booktitle = {Journal of machine learning research},
 journal = {J. Mach. Learn. Res.},
 pages = {19-60},
 title = {Online Learning for Matrix Factorization and Sparse Coding},
 volume = {11},
 year = {2009}
}


@Article{Bau2017NetworkDQ,
 author = {David Bau and Bolei Zhou and A. Khosla and A. Oliva and A. Torralba},
 booktitle = {Computer Vision and Pattern Recognition},
 journal = {2017 IEEE Conference on Computer Vision and Pattern Recognition (CVPR)},
 pages = {3319-3327},
 title = {Network Dissection: Quantifying Interpretability of Deep Visual Representations},
 year = {2017}
}


@Article{Zeiler2013VisualizingAU,
 author = {Matthew D. Zeiler and R. Fergus},
 booktitle = {European Conference on Computer Vision},
 journal = {ArXiv},
 title = {Visualizing and Understanding Convolutional Networks},
 volume = {abs/1311.2901},
 year = {2013}
}


@Article{Conmy2023TowardsAC,
 author = {Arthur Conmy and Augustine N. Mavor-Parker and Aengus Lynch and Stefan Heimersheim and Adrià Garriga-Alonso},
 booktitle = {Neural Information Processing Systems},
 journal = {ArXiv},
 title = {Towards Automated Circuit Discovery for Mechanistic Interpretability},
 volume = {abs/2304.14997},
 year = {2023}
}

@Inproceedings{Geiger2023CausalAA,
 author = {Atticus Geiger and D. Ibeling and Amir Zur and Maheep Chaudhary and Sonakshi Chauhan and Jing Huang and Aryaman Arora and Zhengxuan Wu and Noah D. Goodman and Christopher Potts and Thomas F. Icard},
 title = {Causal Abstraction: A Theoretical Foundation for Mechanistic Interpretability},
 year = {2023}
}


@Inproceedings{Geiger2023CausalAA,
 author = {Atticus Geiger and D. Ibeling and Amir Zur and Maheep Chaudhary and Sonakshi Chauhan and Jing Huang and Aryaman Arora and Zhengxuan Wu and Noah D. Goodman and Christopher Potts and Thomas F. Icard},
 title = {Causal Abstraction: A Theoretical Foundation for Mechanistic Interpretability},
 year = {2023}
}


@Article{Lee2011UnsupervisedLO,
 author = {Honglak Lee and R. Grosse and R. Ranganath and A. Ng},
 booktitle = {Communications of the ACM},
 journal = {Communications of the ACM},
 pages = {95 - 103},
 title = {Unsupervised learning of hierarchical representations with convolutional deep belief networks},
 volume = {54},
 year = {2011}
}


@Article{Lee2011UnsupervisedLO,
 author = {Honglak Lee and R. Grosse and R. Ranganath and A. Ng},
 booktitle = {Communications of the ACM},
 journal = {Communications of the ACM},
 pages = {95 - 103},
 title = {Unsupervised learning of hierarchical representations with convolutional deep belief networks},
 volume = {54},
 year = {2011}
}


@Article{Bengio2007LearningDA,
 author = {Yoshua Bengio},
 booktitle = {Found. Trends Mach. Learn.},
 journal = {Found. Trends Mach. Learn.},
 pages = {1-127},
 title = {Learning Deep Architectures for AI},
 volume = {2},
 year = {2007}
}


@Article{Lee2011UnsupervisedLO,
 author = {Honglak Lee and R. Grosse and R. Ranganath and A. Ng},
 booktitle = {Communications of the ACM},
 journal = {Communications of the ACM},
 pages = {95 - 103},
 title = {Unsupervised learning of hierarchical representations with convolutional deep belief networks},
 volume = {54},
 year = {2011}
}


@Article{Rai2024APR,
 author = {Daking Rai and Yilun Zhou and Shi Feng and Abulhair Saparov and Ziyu Yao},
 booktitle = {arXiv.org},
 journal = {ArXiv},
 title = {A Practical Review of Mechanistic Interpretability for Transformer-Based Language Models},
 volume = {abs/2407.02646},
 year = {2024}
}

@Article{Bhaskar2024FindingTC,
 author = {Adithya Bhaskar and Alexander Wettig and Dan Friedman and Danqi Chen},
 booktitle = {arXiv.org},
 journal = {ArXiv},
 title = {Finding Transformer Circuits with Edge Pruning},
 volume = {abs/2406.16778},
 year = {2024}
}


@Article{Ruslim2024EmergenceOS,
 author = {Marko A. Ruslim and Martin J. Spencer and Hinze Hogendoorn and H. Meffin and Yanbo Lian and A. Burkitt},
 booktitle = {bioRxiv},
 journal = {bioRxiv},
 title = {Emergence of Sparse Coding, Balance and Decorrelation from a Biologically-Grounded Spiking Neural Network Model of Learning in the Primary Visual Cortex},
 year = {2024}
}


@Article{Zhang2020ASO,
 author = {Yu Zhang and P. Tiňo and A. Leonardis and K. Tang},
 booktitle = {IEEE Transactions on Emerging Topics in Computational Intelligence},
 journal = {IEEE Transactions on Emerging Topics in Computational Intelligence},
 pages = {726-742},
 title = {A Survey on Neural Network Interpretability},
 volume = {5},
 year = {2020}
}

