%% LaTeX2e file `references.bib'
%% generated by the `filecontents' environment
%% from source `template' on 2025/01/25.
%%

@book{goodfellow2016deep,
  title={Deep learning},
  author={Goodfellow, Ian and Bengio, Yoshua and Courville, Aaron and Bengio, Yoshua},
  volume={1},
  year={2016},
  publisher={MIT Press}
}

@article{vaswani2017attention,
  title={Attention is all you need},
  author={Vaswani, Ashish and Shazeer, Noam and Parmar, Niki and Uszkoreit, Jakob and Jones, Llion and Gomez, Aidan N and Kaiser, {\L}ukasz and Polosukhin, Illia},
  journal={Advances in neural information processing systems},
  volume={30},
  year={2017}
}

@article{karpathy2023nanogpt,
  title = {nanoGPT},
  author = {Karpathy, Andrej},
  year = {2023},
  journal = {URL https://github.com/karpathy/nanoGPT/tree/master},
  note = {GitHub repository}
}

@article{kingma2014adam,
  title={Adam: A method for stochastic optimization},
  author={Kingma, Diederik P and Ba, Jimmy},
  journal={arXiv preprint arXiv:1412.6980},
  year={2014}
}

@article{ba2016layer,
  title={Layer normalization},
  author={Ba, Jimmy Lei and Kiros, Jamie Ryan and Hinton, Geoffrey E},
  journal={arXiv preprint arXiv:1607.06450},
  year={2016}
}

@article{loshchilov2017adamw,
  title={Decoupled weight decay regularization},
  author={Loshchilov, Ilya and Hutter, Frank},
  journal={arXiv preprint arXiv:1711.05101},
  year={2017}
}

@article{radford2019language,
  title={Language Models are Unsupervised Multitask Learners},
  author={Radford, Alec and Wu, Jeff and Child, Rewon and Luan, David and Amodei, Dario and Sutskever, Ilya},
  year={2019}
}

@article{bahdanau2014neural,
  title={Neural machine translation by jointly learning to align and translate},
  author={Bahdanau, Dzmitry and Cho, Kyunghyun and Bengio, Yoshua},
  journal={arXiv preprint arXiv:1409.0473},
  year={2014}
}

@article{paszke2019pytorch,
  title={Pytorch: An imperative style, high-performance deep learning library},
  author={Paszke, Adam and Gross, Sam and Massa, Francisco and Lerer, Adam and Bradbury, James and Chanan, Gregory and Killeen, Trevor and Lin, Zeming and Gimelshein, Natalia and Antiga, Luca and others},
  journal={Advances in neural information processing systems},
  volume={32},
  year={2019}
}

@misc{gpt4,
  title={GPT-4 Technical Report},
  author={OpenAI},
  year={2024},
  eprint={2303.08774},
  archivePrefix={arXiv},
  primaryClass={cs.CL},
  url={https://arxiv.org/abs/2303.08774},
}

@Article{Li2024ConvergenceAF,
 author = {Jianfei Li and Han Feng and Ding-Xuan Zhou},
 booktitle = {arXiv.org},
 journal = {ArXiv},
 title = {Convergence Analysis for Deep Sparse Coding via Convolutional Neural Networks},
 volume = {abs/2408.05540},
 year = {2024}
}

@Article{Meegen2024CodingSI,
 author = {A. Meegen and H. Sompolinsky},
 booktitle = {arXiv.org},
 journal = {ArXiv},
 title = {Coding schemes in neural networks learning classification tasks},
 volume = {abs/2406.16689},
 year = {2024}
}


@Article{Zhang2020ASO,
 author = {Yu Zhang and P. Tiňo and A. Leonardis and K. Tang},
 booktitle = {IEEE Transactions on Emerging Topics in Computational Intelligence},
 journal = {IEEE Transactions on Emerging Topics in Computational Intelligence},
 pages = {726-742},
 title = {A Survey on Neural Network Interpretability},
 volume = {5},
 year = {2020}
}


@Article{Cunningham2023SparseAF,
 author = {Hoagy Cunningham and Aidan Ewart and Logan Riggs and R. Huben and Lee Sharkey},
 booktitle = {International Conference on Learning Representations},
 journal = {ArXiv},
 title = {Sparse Autoencoders Find Highly Interpretable Features in Language Models},
 volume = {abs/2309.08600},
 year = {2023}
}


@Article{Cunningham2023SparseAF,
 author = {Hoagy Cunningham and Aidan Ewart and Logan Riggs and R. Huben and Lee Sharkey},
 booktitle = {International Conference on Learning Representations},
 journal = {ArXiv},
 title = {Sparse Autoencoders Find Highly Interpretable Features in Language Models},
 volume = {abs/2309.08600},
 year = {2023}
}


@Article{Conmy2023TowardsAC,
 author = {Arthur Conmy and Augustine N. Mavor-Parker and Aengus Lynch and Stefan Heimersheim and Adrià Garriga-Alonso},
 booktitle = {Neural Information Processing Systems},
 journal = {ArXiv},
 title = {Towards Automated Circuit Discovery for Mechanistic Interpretability},
 volume = {abs/2304.14997},
 year = {2023}
}

@Article{Nanda2023ProgressMF,
 author = {Neel Nanda and Lawrence Chan and Tom Lieberum and Jess Smith and J. Steinhardt},
 booktitle = {International Conference on Learning Representations},
 journal = {ArXiv},
 title = {Progress measures for grokking via mechanistic interpretability},
 volume = {abs/2301.05217},
 year = {2023}
}


@Article{Smith2015CyclicalLR,
 author = {L. Smith},
 booktitle = {IEEE Workshop/Winter Conference on Applications of Computer Vision},
 journal = {2017 IEEE Winter Conference on Applications of Computer Vision (WACV)},
 pages = {464-472},
 title = {Cyclical Learning Rates for Training Neural Networks},
 year = {2015}
}


@Article{Zhou2018OnTC,
 author = {Dongruo Zhou and Yiqi Tang and Ziyan Yang and Yuan Cao and Quanquan Gu},
 booktitle = {Trans. Mach. Learn. Res.},
 journal = {ArXiv},
 title = {On the Convergence of Adaptive Gradient Methods for Nonconvex Optimization},
 volume = {abs/1808.05671},
 year = {2018}
}


@Article{Olshausen1997SparseCW,
 author = {B. Olshausen and D. Field},
 booktitle = {Vision Research},
 journal = {Vision Research},
 pages = {3311-3325},
 title = {Sparse coding with an overcomplete basis set: A strategy employed by V1?},
 volume = {37},
 year = {1997}
}


@Article{Zhou2018OnTC,
 author = {Dongruo Zhou and Yiqi Tang and Ziyan Yang and Yuan Cao and Quanquan Gu},
 booktitle = {Trans. Mach. Learn. Res.},
 journal = {ArXiv},
 title = {On the Convergence of Adaptive Gradient Methods for Nonconvex Optimization},
 volume = {abs/1808.05671},
 year = {2018}
}


@Article{Olshausen1997SparseCW,
 author = {B. Olshausen and D. Field},
 booktitle = {Vision Research},
 journal = {Vision Research},
 pages = {3311-3325},
 title = {Sparse coding with an overcomplete basis set: A strategy employed by V1?},
 volume = {37},
 year = {1997}
}


@Article{Olshausen1996EmergenceOS,
 author = {B. Olshausen and D. Field},
 booktitle = {Nature},
 journal = {Nature},
 pages = {607-609},
 title = {Emergence of simple-cell receptive field properties by learning a sparse code for natural images},
 volume = {381},
 year = {1996}
}


@Article{Papyan2018TheoreticalFO,
 author = {V. Papyan and Yaniv Romano and Jeremias Sulam and Michael Elad},
 booktitle = {IEEE Signal Processing Magazine},
 journal = {IEEE Signal Processing Magazine},
 pages = {72-89},
 title = {Theoretical Foundations of Deep Learning via Sparse Representations: A Multilayer Sparse Model and Its Connection to Convolutional Neural Networks},
 volume = {35},
 year = {2018}
}

@Article{Hoefler2021SparsityID,
 author = {T. Hoefler and Dan Alistarh and Tal Ben-Nun and Nikoli Dryden and Alexandra Peste},
 booktitle = {Journal of machine learning research},
 journal = {ArXiv},
 title = {Sparsity in Deep Learning: Pruning and growth for efficient inference and training in neural networks},
 volume = {abs/2102.00554},
 year = {2021}
}


@Article{Gregor2010LearningFA,
 author = {Karol Gregor and Yann LeCun},
 booktitle = {International Conference on Machine Learning},
 pages = {399-406},
 title = {Learning Fast Approximations of Sparse Coding},
 year = {2010}
}


@Article{Bengio2007LearningDA,
 author = {Yoshua Bengio},
 booktitle = {Found. Trends Mach. Learn.},
 journal = {Found. Trends Mach. Learn.},
 pages = {1-127},
 title = {Learning Deep Architectures for AI},
 volume = {2},
 year = {2007}
}

