%% LaTeX2e file `references.bib'
%% generated by the `filecontents' environment
%% from source `template' on 2025/01/25.
%%

@book{goodfellow2016deep,
  title={Deep learning},
  author={Goodfellow, Ian and Bengio, Yoshua and Courville, Aaron and Bengio, Yoshua},
  volume={1},
  year={2016},
  publisher={MIT Press}
}

@article{vaswani2017attention,
  title={Attention is all you need},
  author={Vaswani, Ashish and Shazeer, Noam and Parmar, Niki and Uszkoreit, Jakob and Jones, Llion and Gomez, Aidan N and Kaiser, {\L}ukasz and Polosukhin, Illia},
  journal={Advances in neural information processing systems},
  volume={30},
  year={2017}
}

@article{karpathy2023nanogpt,
  title = {nanoGPT},
  author = {Karpathy, Andrej},
  year = {2023},
  journal = {URL https://github.com/karpathy/nanoGPT/tree/master},
  note = {GitHub repository}
}

@article{kingma2014adam,
  title={Adam: A method for stochastic optimization},
  author={Kingma, Diederik P and Ba, Jimmy},
  journal={arXiv preprint arXiv:1412.6980},
  year={2014}
}

@article{ba2016layer,
  title={Layer normalization},
  author={Ba, Jimmy Lei and Kiros, Jamie Ryan and Hinton, Geoffrey E},
  journal={arXiv preprint arXiv:1607.06450},
  year={2016}
}

@article{loshchilov2017adamw,
  title={Decoupled weight decay regularization},
  author={Loshchilov, Ilya and Hutter, Frank},
  journal={arXiv preprint arXiv:1711.05101},
  year={2017}
}

@article{radford2019language,
  title={Language Models are Unsupervised Multitask Learners},
  author={Radford, Alec and Wu, Jeff and Child, Rewon and Luan, David and Amodei, Dario and Sutskever, Ilya},
  year={2019}
}

@article{bahdanau2014neural,
  title={Neural machine translation by jointly learning to align and translate},
  author={Bahdanau, Dzmitry and Cho, Kyunghyun and Bengio, Yoshua},
  journal={arXiv preprint arXiv:1409.0473},
  year={2014}
}

@article{paszke2019pytorch,
  title={Pytorch: An imperative style, high-performance deep learning library},
  author={Paszke, Adam and Gross, Sam and Massa, Francisco and Lerer, Adam and Bradbury, James and Chanan, Gregory and Killeen, Trevor and Lin, Zeming and Gimelshein, Natalia and Antiga, Luca and others},
  journal={Advances in neural information processing systems},
  volume={32},
  year={2019}
}

@misc{gpt4,
  title={GPT-4 Technical Report},
  author={OpenAI},
  year={2024},
  eprint={2303.08774},
  archivePrefix={arXiv},
  primaryClass={cs.CL},
  url={https://arxiv.org/abs/2303.08774},
}

@Article{Burgess2018UnderstandingDI,
 author = {Christopher P. Burgess and I. Higgins and Arka Pal and L. Matthey and Nicholas Watters and Guillaume Desjardins and Alexander Lerchner},
 booktitle = {arXiv.org},
 journal = {ArXiv},
 title = {Understanding disentangling in Î²-VAE},
 volume = {abs/1804.03599},
 year = {2018}
}


@Article{Bergstra2011TheSI,
 author = {J. Bergstra and Aaron C. Courville and Yoshua Bengio},
 booktitle = {arXiv.org},
 journal = {ArXiv},
 title = {The Statistical Inefficiency of Sparse Coding for Images (or, One Gabor to Rule them All)},
 volume = {abs/1109.6638},
 year = {2011}
}


@Article{Bergstra2011TheSI,
 author = {J. Bergstra and Aaron C. Courville and Yoshua Bengio},
 booktitle = {arXiv.org},
 journal = {ArXiv},
 title = {The Statistical Inefficiency of Sparse Coding for Images (or, One Gabor to Rule them All)},
 volume = {abs/1109.6638},
 year = {2011}
}


@Article{Vincent2010StackedDA,
 author = {Pascal Vincent and H. Larochelle and Isabelle Lajoie and Yoshua Bengio and Pierre-Antoine Manzagol},
 booktitle = {Journal of machine learning research},
 journal = {J. Mach. Learn. Res.},
 pages = {3371-3408},
 title = {Stacked Denoising Autoencoders: Learning Useful Representations in a Deep Network with a Local Denoising Criterion},
 volume = {11},
 year = {2010}
}


@Article{Ngiam2011SparseF,
 author = {Jiquan Ngiam and Pang Wei Koh and Zhenghao Chen and Sonia A. Bhaskar and Andrew Y. Ng},
 booktitle = {Neural Information Processing Systems},
 pages = {1125-1133},
 title = {Sparse Filtering},
 year = {2011}
}


@Article{DeRose2020AttentionFA,
 author = {Joseph F DeRose and Jiayao Wang and M. Berger},
 booktitle = {IEEE Transactions on Visualization and Computer Graphics},
 journal = {IEEE Transactions on Visualization and Computer Graphics},
 pages = {1160-1170},
 title = {Attention Flows: Analyzing and Comparing Attention Mechanisms in Language Models},
 volume = {27},
 year = {2020}
}


@Article{Csord'as2024RecurrentNN,
 author = {R'obert Csord'as and Christopher Potts and Christopher D. Manning and Atticus Geiger},
 booktitle = {BlackboxNLP Workshop on Analyzing and Interpreting Neural Networks for NLP},
 journal = {ArXiv},
 title = {Recurrent Neural Networks Learn to Store and Generate Sequences using Non-Linear Representations},
 volume = {abs/2408.10920},
 year = {2024}
}


@Article{Tishby2000TheIB,
 author = {Naftali Tishby and Fernando C Pereira and W. Bialek},
 booktitle = {arXiv.org},
 journal = {ArXiv},
 title = {The information bottleneck method},
 volume = {physics/0004057},
 year = {2000}
}


@Article{Kissane2024InterpretingAL,
 author = {Connor Kissane and Robert Krzyzanowski and J. Bloom and Arthur Conmy and Neel Nanda},
 booktitle = {arXiv.org},
 journal = {ArXiv},
 title = {Interpreting Attention Layer Outputs with Sparse Autoencoders},
 volume = {abs/2406.17759},
 year = {2024}
}


@Article{Narayanaswamy2017LearningDR,
 author = {Siddharth Narayanaswamy and Brooks Paige and Jan-Willem van de Meent and Alban Desmaison and Noah D. Goodman and Pushmeet Kohli and Frank D. Wood and Philip H. S. Torr},
 booktitle = {Neural Information Processing Systems},
 journal = {ArXiv},
 title = {Learning Disentangled Representations with Semi-Supervised Deep Generative Models},
 volume = {abs/1706.00400},
 year = {2017}
}


@Article{Olshausen1996EmergenceOS,
 author = {B. Olshausen and D. Field},
 booktitle = {Nature},
 journal = {Nature},
 pages = {607-609},
 title = {Emergence of simple-cell receptive field properties by learning a sparse code for natural images},
 volume = {381},
 year = {1996}
}


@Inproceedings{Lee2010UnsupervisedFL,
 author = {Honglak Lee},
 title = {Unsupervised feature learning via sparse hierarchical representations},
 year = {2010}
}


@Article{Olshausen1996EmergenceOS,
 author = {B. Olshausen and D. Field},
 booktitle = {Nature},
 journal = {Nature},
 pages = {607-609},
 title = {Emergence of simple-cell receptive field properties by learning a sparse code for natural images},
 volume = {381},
 year = {1996}
}


@Article{Gao2020ThePA,
 author = {Leo Gao and Stella Biderman and Sid Black and Laurence Golding and Travis Hoppe and Charles Foster and Jason Phang and Horace He and Anish Thite and Noa Nabeshima and Shawn Presser and Connor Leahy},
 booktitle = {arXiv.org},
 journal = {ArXiv},
 title = {The Pile: An 800GB Dataset of Diverse Text for Language Modeling},
 volume = {abs/2101.00027},
 year = {2020}
}

