%% LaTeX2e file `references.bib'
%% generated by the `filecontents' environment
%% from source `template' on 2025/01/23.
%%

@book{goodfellow2016deep,
  title={Deep learning},
  author={Goodfellow, Ian and Bengio, Yoshua and Courville, Aaron and Bengio, Yoshua},
  volume={1},
  year={2016},
  publisher={MIT Press}
}

@article{vaswani2017attention,
  title={Attention is all you need},
  author={Vaswani, Ashish and Shazeer, Noam and Parmar, Niki and Uszkoreit, Jakob and Jones, Llion and Gomez, Aidan N and Kaiser, {\L}ukasz and Polosukhin, Illia},
  journal={Advances in neural information processing systems},
  volume={30},
  year={2017}
}

@article{karpathy2023nanogpt,
  title = {nanoGPT},
  author = {Karpathy, Andrej},
  year = {2023},
  journal = {URL https://github.com/karpathy/nanoGPT/tree/master},
  note = {GitHub repository}
}

@article{kingma2014adam,
  title={Adam: A method for stochastic optimization},
  author={Kingma, Diederik P and Ba, Jimmy},
  journal={arXiv preprint arXiv:1412.6980},
  year={2014}
}

@article{ba2016layer,
  title={Layer normalization},
  author={Ba, Jimmy Lei and Kiros, Jamie Ryan and Hinton, Geoffrey E},
  journal={arXiv preprint arXiv:1607.06450},
  year={2016}
}

@article{loshchilov2017adamw,
  title={Decoupled weight decay regularization},
  author={Loshchilov, Ilya and Hutter, Frank},
  journal={arXiv preprint arXiv:1711.05101},
  year={2017}
}

@article{radford2019language,
  title={Language Models are Unsupervised Multitask Learners},
  author={Radford, Alec and Wu, Jeff and Child, Rewon and Luan, David and Amodei, Dario and Sutskever, Ilya},
  year={2019}
}

@article{bahdanau2014neural,
  title={Neural machine translation by jointly learning to align and translate},
  author={Bahdanau, Dzmitry and Cho, Kyunghyun and Bengio, Yoshua},
  journal={arXiv preprint arXiv:1409.0473},
  year={2014}
}

@article{paszke2019pytorch,
  title={Pytorch: An imperative style, high-performance deep learning library},
  author={Paszke, Adam and Gross, Sam and Massa, Francisco and Lerer, Adam and Bradbury, James and Chanan, Gregory and Killeen, Trevor and Lin, Zeming and Gimelshein, Natalia and Antiga, Luca and others},
  journal={Advances in neural information processing systems},
  volume={32},
  year={2019}
}

@misc{gpt4,
  title={GPT-4 Technical Report},
  author={OpenAI},
  year={2024},
  eprint={2303.08774},
  archivePrefix={arXiv},
  primaryClass={cs.CL},
  url={https://arxiv.org/abs/2303.08774},
}

@Article{Olshausen1996EmergenceOS,
 author = {B. Olshausen and D. Field},
 booktitle = {Nature},
 journal = {Nature},
 pages = {607-609},
 title = {Emergence of simple-cell receptive field properties by learning a sparse code for natural images},
 volume = {381},
 year = {1996}
}


@Article{Sundararajan2017AxiomaticAF,
 author = {Mukund Sundararajan and Ankur Taly and Qiqi Yan},
 booktitle = {International Conference on Machine Learning},
 pages = {3319-3328},
 title = {Axiomatic Attribution for Deep Networks},
 year = {2017}
}


@Article{Zeiler2013VisualizingAU,
 author = {Matthew D. Zeiler and R. Fergus},
 booktitle = {European Conference on Computer Vision},
 journal = {ArXiv},
 title = {Visualizing and Understanding Convolutional Networks},
 volume = {abs/1311.2901},
 year = {2013}
}


@Article{Bengio2007LearningDA,
 author = {Yoshua Bengio},
 booktitle = {Found. Trends Mach. Learn.},
 journal = {Found. Trends Mach. Learn.},
 pages = {1-127},
 title = {Learning Deep Architectures for AI},
 volume = {2},
 year = {2007}
}


@Article{Cunningham2023SparseAF,
 author = {Hoagy Cunningham and Aidan Ewart and Logan Riggs and R. Huben and Lee Sharkey},
 booktitle = {International Conference on Learning Representations},
 journal = {ArXiv},
 title = {Sparse Autoencoders Find Highly Interpretable Features in Language Models},
 volume = {abs/2309.08600},
 year = {2023}
}


@Article{Alain2012WhatRA,
 author = {Guillaume Alain and Yoshua Bengio},
 booktitle = {Journal of machine learning research},
 journal = {J. Mach. Learn. Res.},
 pages = {3563-3593},
 title = {What regularized auto-encoders learn from the data-generating distribution},
 volume = {15},
 year = {2012}
}


@Article{Bau2017NetworkDQ,
 author = {David Bau and Bolei Zhou and A. Khosla and A. Oliva and A. Torralba},
 booktitle = {Computer Vision and Pattern Recognition},
 journal = {2017 IEEE Conference on Computer Vision and Pattern Recognition (CVPR)},
 pages = {3319-3327},
 title = {Network Dissection: Quantifying Interpretability of Deep Visual Representations},
 year = {2017}
}


@Article{Borowski2020ExemplaryNI,
 author = {Judy Borowski and Roland S. Zimmermann and Judith Schepers and Robert Geirhos and Thomas S. A. Wallis and M. Bethge and Wieland Brendel},
 booktitle = {arXiv.org},
 journal = {ArXiv},
 title = {Exemplary Natural Images Explain CNN Activations Better than Feature Visualizations},
 volume = {abs/2010.12606},
 year = {2020}
}


@Article{Rudin2018PleaseSE,
 author = {C. Rudin},
 booktitle = {arXiv.org},
 journal = {ArXiv},
 title = {Please Stop Explaining Black Box Models for High Stakes Decisions},
 volume = {abs/1811.10154},
 year = {2018}
}


@Article{Kim2017InterpretabilityBF,
 author = {Been Kim and M. Wattenberg and J. Gilmer and Carrie J. Cai and James Wexler and F. Viégas and R. Sayres},
 booktitle = {International Conference on Machine Learning},
 pages = {2673-2682},
 title = {Interpretability Beyond Feature Attribution: Quantitative Testing with Concept Activation Vectors (TCAV)},
 year = {2017}
}


@Article{Shi2024VisualizationCO,
 author = {Rui Shi and Tianxing Li and Liguo Zhang and Yasushi Yamaguchi},
 booktitle = {IEEE transactions on multimedia},
 journal = {IEEE Transactions on Multimedia},
 pages = {2327-2339},
 title = {Visualization Comparison of Vision Transformers and Convolutional Neural Networks},
 volume = {26},
 year = {2024}
}


@Article{Kim2017InterpretabilityBF,
 author = {Been Kim and M. Wattenberg and J. Gilmer and Carrie J. Cai and James Wexler and F. Viégas and R. Sayres},
 booktitle = {International Conference on Machine Learning},
 pages = {2673-2682},
 title = {Interpretability Beyond Feature Attribution: Quantitative Testing with Concept Activation Vectors (TCAV)},
 year = {2017}
}


@Article{Simonyan2013DeepIC,
 author = {K. Simonyan and A. Vedaldi and Andrew Zisserman},
 booktitle = {International Conference on Learning Representations},
 journal = {CoRR},
 title = {Deep Inside Convolutional Networks: Visualising Image Classification Models and Saliency Maps},
 volume = {abs/1312.6034},
 year = {2013}
}


@Article{Bau2017NetworkDQ,
 author = {David Bau and Bolei Zhou and A. Khosla and A. Oliva and A. Torralba},
 booktitle = {Computer Vision and Pattern Recognition},
 journal = {2017 IEEE Conference on Computer Vision and Pattern Recognition (CVPR)},
 pages = {3319-3327},
 title = {Network Dissection: Quantifying Interpretability of Deep Visual Representations},
 year = {2017}
}

