%% LaTeX2e file `references.bib'
%% generated by the `filecontents' environment
%% from source `template' on 2025/01/27.
%%

@book{goodfellow2016deep,
  title={Deep learning},
  author={Goodfellow, Ian and Bengio, Yoshua and Courville, Aaron and Bengio, Yoshua},
  volume={1},
  year={2016},
  publisher={MIT Press}
}

@article{vaswani2017attention,
  title={Attention is all you need},
  author={Vaswani, Ashish and Shazeer, Noam and Parmar, Niki and Uszkoreit, Jakob and Jones, Llion and Gomez, Aidan N and Kaiser, {\L}ukasz and Polosukhin, Illia},
  journal={Advances in neural information processing systems},
  volume={30},
  year={2017}
}

@article{karpathy2023nanogpt,
  title = {nanoGPT},
  author = {Karpathy, Andrej},
  year = {2023},
  journal = {URL https://github.com/karpathy/nanoGPT/tree/master},
  note = {GitHub repository}
}

@article{kingma2014adam,
  title={Adam: A method for stochastic optimization},
  author={Kingma, Diederik P and Ba, Jimmy},
  journal={arXiv preprint arXiv:1412.6980},
  year={2014}
}

@article{ba2016layer,
  title={Layer normalization},
  author={Ba, Jimmy Lei and Kiros, Jamie Ryan and Hinton, Geoffrey E},
  journal={arXiv preprint arXiv:1607.06450},
  year={2016}
}

@article{loshchilov2017adamw,
  title={Decoupled weight decay regularization},
  author={Loshchilov, Ilya and Hutter, Frank},
  journal={arXiv preprint arXiv:1711.05101},
  year={2017}
}

@article{radford2019language,
  title={Language Models are Unsupervised Multitask Learners},
  author={Radford, Alec and Wu, Jeff and Child, Rewon and Luan, David and Amodei, Dario and Sutskever, Ilya},
  year={2019}
}

@article{bahdanau2014neural,
  title={Neural machine translation by jointly learning to align and translate},
  author={Bahdanau, Dzmitry and Cho, Kyunghyun and Bengio, Yoshua},
  journal={arXiv preprint arXiv:1409.0473},
  year={2014}
}

@article{paszke2019pytorch,
  title={Pytorch: An imperative style, high-performance deep learning library},
  author={Paszke, Adam and Gross, Sam and Massa, Francisco and Lerer, Adam and Bradbury, James and Chanan, Gregory and Killeen, Trevor and Lin, Zeming and Gimelshein, Natalia and Antiga, Luca and others},
  journal={Advances in neural information processing systems},
  volume={32},
  year={2019}
}

@misc{gpt4,
  title={GPT-4 Technical Report},
  author={OpenAI},
  year={2024},
  eprint={2303.08774},
  archivePrefix={arXiv},
  primaryClass={cs.CL},
  url={https://arxiv.org/abs/2303.08774},
}

@Article{Olshausen1996EmergenceOS,
 author = {B. Olshausen and D. Field},
 booktitle = {Nature},
 journal = {Nature},
 pages = {607-609},
 title = {Emergence of simple-cell receptive field properties by learning a sparse code for natural images},
 volume = {381},
 year = {1996}
}


@Inproceedings{Bell1997TheI,
 author = {A. J. Bell and T. Sejnowski},
 title = {The " Independent Components " of Scenes are Edge Filters},
 year = {1997}
}


@Article{Meng2022LocatingAE,
 author = {Kevin Meng and David Bau and A. Andonian and Yonatan Belinkov},
 booktitle = {Neural Information Processing Systems},
 title = {Locating and Editing Factual Associations in GPT},
 year = {2022}
}


@Article{Bengio2007LearningDA,
 author = {Yoshua Bengio},
 booktitle = {Found. Trends Mach. Learn.},
 journal = {Found. Trends Mach. Learn.},
 pages = {1-127},
 title = {Learning Deep Architectures for AI},
 volume = {2},
 year = {2007}
}


@Article{Frankle2018TheLT,
 author = {Jonathan Frankle and Michael Carbin},
 booktitle = {International Conference on Learning Representations},
 journal = {arXiv: Learning},
 title = {The Lottery Ticket Hypothesis: Finding Sparse, Trainable Neural Networks},
 year = {2018}
}


@Article{Maass2000OnTC,
 author = {W. Maass},
 booktitle = {Neural Computation},
 journal = {Neural Computation},
 pages = {2519-2535},
 title = {On the Computational Power of Winner-Take-All},
 volume = {12},
 year = {2000}
}


@Article{Kreutz-Delgado2003DictionaryLA,
 author = {K. Kreutz-Delgado and Joseph F. Murray and B. Rao and K. Engan and Te-Won Lee and T. Sejnowski},
 booktitle = {Neural Computation},
 journal = {Neural Computation},
 pages = {349-396},
 title = {Dictionary Learning Algorithms for Sparse Representation},
 volume = {15},
 year = {2003}
}


@Article{Hitzler2020NeuralsymbolicIA,
 author = {P. Hitzler and Federico Bianchi and Monireh Ebrahimi and Md Kamruzzaman Sarker},
 booktitle = {Semantic Web},
 journal = {Semantic Web},
 pages = {3-11},
 title = {Neural-symbolic integration and the Semantic Web},
 volume = {11},
 year = {2020}
}


@Article{Li2015AFA,
 author = {Zhenni Li and Shuxue Ding and Yujie Li},
 booktitle = {Neural Computation},
 journal = {Neural Computation},
 pages = {1951-1982},
 title = {A Fast Algorithm for Learning Overcomplete Dictionary for Sparse Representation Based on Proximal Operators},
 volume = {27},
 year = {2015}
}


@Article{Li2015AFA,
 author = {Zhenni Li and Shuxue Ding and Yujie Li},
 booktitle = {Neural Computation},
 journal = {Neural Computation},
 pages = {1951-1982},
 title = {A Fast Algorithm for Learning Overcomplete Dictionary for Sparse Representation Based on Proximal Operators},
 volume = {27},
 year = {2015}
}


@Article{Qian1999OnTM,
 author = {N. Qian},
 booktitle = {Neural Networks},
 journal = {Neural networks : the official journal of the International Neural Network Society},
 pages = {
          145-151
        },
 title = {On the momentum term in gradient descent learning algorithms},
 volume = {12 1},
 year = {1999}
}


@Article{Li2015AFA,
 author = {Zhenni Li and Shuxue Ding and Yujie Li},
 booktitle = {Neural Computation},
 journal = {Neural Computation},
 pages = {1951-1982},
 title = {A Fast Algorithm for Learning Overcomplete Dictionary for Sparse Representation Based on Proximal Operators},
 volume = {27},
 year = {2015}
}


@Article{West2021SymbolicKD,
 author = {Peter West and Chandrasekhar Bhagavatula and Jack Hessel and Jena D. Hwang and Liwei Jiang and Ronan Le Bras and Ximing Lu and S. Welleck and Yejin Choi},
 booktitle = {North American Chapter of the Association for Computational Linguistics},
 pages = {4602-4625},
 title = {Symbolic Knowledge Distillation: from General Language Models to Commonsense Models},
 year = {2021}
}


@Article{Vincent2008ExtractingAC,
 author = {Pascal Vincent and H. Larochelle and Yoshua Bengio and Pierre-Antoine Manzagol},
 booktitle = {International Conference on Machine Learning},
 pages = {1096-1103},
 title = {Extracting and composing robust features with denoising autoencoders},
 year = {2008}
}

