%% LaTeX2e file `references.bib'
%% generated by the `filecontents' environment
%% from source `template' on 2025/01/25.
%%

@book{goodfellow2016deep,
  title={Deep learning},
  author={Goodfellow, Ian and Bengio, Yoshua and Courville, Aaron and Bengio, Yoshua},
  volume={1},
  year={2016},
  publisher={MIT Press}
}

@article{vaswani2017attention,
  title={Attention is all you need},
  author={Vaswani, Ashish and Shazeer, Noam and Parmar, Niki and Uszkoreit, Jakob and Jones, Llion and Gomez, Aidan N and Kaiser, {\L}ukasz and Polosukhin, Illia},
  journal={Advances in neural information processing systems},
  volume={30},
  year={2017}
}

@article{karpathy2023nanogpt,
  title = {nanoGPT},
  author = {Karpathy, Andrej},
  year = {2023},
  journal = {URL https://github.com/karpathy/nanoGPT/tree/master},
  note = {GitHub repository}
}

@article{kingma2014adam,
  title={Adam: A method for stochastic optimization},
  author={Kingma, Diederik P and Ba, Jimmy},
  journal={arXiv preprint arXiv:1412.6980},
  year={2014}
}

@article{ba2016layer,
  title={Layer normalization},
  author={Ba, Jimmy Lei and Kiros, Jamie Ryan and Hinton, Geoffrey E},
  journal={arXiv preprint arXiv:1607.06450},
  year={2016}
}

@article{loshchilov2017adamw,
  title={Decoupled weight decay regularization},
  author={Loshchilov, Ilya and Hutter, Frank},
  journal={arXiv preprint arXiv:1711.05101},
  year={2017}
}

@article{radford2019language,
  title={Language Models are Unsupervised Multitask Learners},
  author={Radford, Alec and Wu, Jeff and Child, Rewon and Luan, David and Amodei, Dario and Sutskever, Ilya},
  year={2019}
}

@article{bahdanau2014neural,
  title={Neural machine translation by jointly learning to align and translate},
  author={Bahdanau, Dzmitry and Cho, Kyunghyun and Bengio, Yoshua},
  journal={arXiv preprint arXiv:1409.0473},
  year={2014}
}

@article{paszke2019pytorch,
  title={Pytorch: An imperative style, high-performance deep learning library},
  author={Paszke, Adam and Gross, Sam and Massa, Francisco and Lerer, Adam and Bradbury, James and Chanan, Gregory and Killeen, Trevor and Lin, Zeming and Gimelshein, Natalia and Antiga, Luca and others},
  journal={Advances in neural information processing systems},
  volume={32},
  year={2019}
}

@misc{gpt4,
  title={GPT-4 Technical Report},
  author={OpenAI},
  year={2024},
  eprint={2303.08774},
  archivePrefix={arXiv},
  primaryClass={cs.CL},
  url={https://arxiv.org/abs/2303.08774},
}

@Article{Bell1995AnIA,
 author = {A. J. Bell and T. Sejnowski},
 booktitle = {Neural Computation},
 journal = {Neural Computation},
 pages = {1129-1159},
 title = {An Information-Maximization Approach to Blind Separation and Blind Deconvolution},
 volume = {7},
 year = {1995}
}


@Inproceedings{Hyvärinen2000IndependentCA,
 author = {Aapo Hyvärinen and E. Oja},
 title = {Independent Component Analysis : Algorithms and Applications},
 year = {2000}
}


@Article{Kingma2013AutoEncodingVB,
 author = {Diederik P. Kingma and M. Welling},
 booktitle = {International Conference on Learning Representations},
 journal = {CoRR},
 title = {Auto-Encoding Variational Bayes},
 volume = {abs/1312.6114},
 year = {2013}
}


@Article{Olshausen1996EmergenceOS,
 author = {B. Olshausen and D. Field},
 booktitle = {Nature},
 journal = {Nature},
 pages = {607-609},
 title = {Emergence of simple-cell receptive field properties by learning a sparse code for natural images},
 volume = {381},
 year = {1996}
}


@Article{Cunningham2023SparseAF,
 author = {Hoagy Cunningham and Aidan Ewart and Logan Riggs and R. Huben and Lee Sharkey},
 booktitle = {International Conference on Learning Representations},
 journal = {ArXiv},
 title = {Sparse Autoencoders Find Highly Interpretable Features in Language Models},
 volume = {abs/2309.08600},
 year = {2023}
}


@Article{Burgess2018UnderstandingDI,
 author = {Christopher P. Burgess and I. Higgins and Arka Pal and L. Matthey and Nicholas Watters and Guillaume Desjardins and Alexander Lerchner},
 booktitle = {arXiv.org},
 journal = {ArXiv},
 title = {Understanding disentangling in β-VAE},
 volume = {abs/1804.03599},
 year = {2018}
}


@Article{Mahon2023CorrectingFI,
 author = {Louis Mahon and Lei Shah and Thomas Lukasiewicz},
 booktitle = {Trans. Mach. Learn. Res.},
 journal = {ArXiv},
 title = {Correcting Flaws in Common Disentanglement Metrics},
 volume = {abs/2304.02335},
 year = {2023}
}


@Article{Chen2016InfoGANIR,
 author = {Xi Chen and Yan Duan and Rein Houthooft and John Schulman and I. Sutskever and P. Abbeel},
 booktitle = {Neural Information Processing Systems},
 pages = {2172-2180},
 title = {InfoGAN: Interpretable Representation Learning by Information Maximizing Generative Adversarial Nets},
 year = {2016}
}


@Article{Zeiler2013VisualizingAU,
 author = {Matthew D. Zeiler and R. Fergus},
 booktitle = {European Conference on Computer Vision},
 journal = {ArXiv},
 title = {Visualizing and Understanding Convolutional Networks},
 volume = {abs/1311.2901},
 year = {2013}
}


@Article{Shao2020DynamicVAEDR,
 author = {Huajie Shao and Haohong Lin and Qinmin Yang and Shuochao Yao and Han Zhao and T. Abdelzaher},
 journal = {arXiv: Learning},
 title = {DynamicVAE: Decoupling Reconstruction Error and Disentangled Representation Learning},
 year = {2020}
}


@Article{Bau2017NetworkDQ,
 author = {David Bau and Bolei Zhou and A. Khosla and A. Oliva and A. Torralba},
 booktitle = {Computer Vision and Pattern Recognition},
 journal = {2017 IEEE Conference on Computer Vision and Pattern Recognition (CVPR)},
 pages = {3319-3327},
 title = {Network Dissection: Quantifying Interpretability of Deep Visual Representations},
 year = {2017}
}


@Article{Geva2022TransformerFL,
 author = {Mor Geva and Avi Caciularu and Ke Wang and Yoav Goldberg},
 booktitle = {Conference on Empirical Methods in Natural Language Processing},
 journal = {ArXiv},
 title = {Transformer Feed-Forward Layers Build Predictions by Promoting Concepts in the Vocabulary Space},
 volume = {abs/2203.14680},
 year = {2022}
}

@Article{Lee2024CausalIO,
 author = {Isabelle Lee and Joshua Lum and Ziyi Liu and Dani Yogatama},
 booktitle = {arXiv.org},
 journal = {ArXiv},
 title = {Causal Interventions on Causal Paths: Mapping GPT-2's Reasoning From Syntax to Semantics},
 volume = {abs/2410.21353},
 year = {2024}
}


@Article{Song2019CarpeDS,
 author = {Hwanjun Song and Minseok Kim and Sundong Kim and Jae-Gil Lee},
 booktitle = {International Conference on Information and Knowledge Management},
 journal = {Proceedings of the 29th ACM International Conference on Information & Knowledge Management},
 title = {Carpe Diem, Seize the Samples Uncertain "at the Moment" for Adaptive Batch Selection},
 year = {2019}
}

