%% LaTeX2e file `references.bib'
%% generated by the `filecontents' environment
%% from source `template' on 2025/01/25.
%%

@book{goodfellow2016deep,
  title={Deep learning},
  author={Goodfellow, Ian and Bengio, Yoshua and Courville, Aaron and Bengio, Yoshua},
  volume={1},
  year={2016},
  publisher={MIT Press}
}

@article{vaswani2017attention,
  title={Attention is all you need},
  author={Vaswani, Ashish and Shazeer, Noam and Parmar, Niki and Uszkoreit, Jakob and Jones, Llion and Gomez, Aidan N and Kaiser, {\L}ukasz and Polosukhin, Illia},
  journal={Advances in neural information processing systems},
  volume={30},
  year={2017}
}

@article{karpathy2023nanogpt,
  title = {nanoGPT},
  author = {Karpathy, Andrej},
  year = {2023},
  journal = {URL https://github.com/karpathy/nanoGPT/tree/master},
  note = {GitHub repository}
}

@article{kingma2014adam,
  title={Adam: A method for stochastic optimization},
  author={Kingma, Diederik P and Ba, Jimmy},
  journal={arXiv preprint arXiv:1412.6980},
  year={2014}
}

@article{ba2016layer,
  title={Layer normalization},
  author={Ba, Jimmy Lei and Kiros, Jamie Ryan and Hinton, Geoffrey E},
  journal={arXiv preprint arXiv:1607.06450},
  year={2016}
}

@article{loshchilov2017adamw,
  title={Decoupled weight decay regularization},
  author={Loshchilov, Ilya and Hutter, Frank},
  journal={arXiv preprint arXiv:1711.05101},
  year={2017}
}

@article{radford2019language,
  title={Language Models are Unsupervised Multitask Learners},
  author={Radford, Alec and Wu, Jeff and Child, Rewon and Luan, David and Amodei, Dario and Sutskever, Ilya},
  year={2019}
}

@article{bahdanau2014neural,
  title={Neural machine translation by jointly learning to align and translate},
  author={Bahdanau, Dzmitry and Cho, Kyunghyun and Bengio, Yoshua},
  journal={arXiv preprint arXiv:1409.0473},
  year={2014}
}

@article{paszke2019pytorch,
  title={Pytorch: An imperative style, high-performance deep learning library},
  author={Paszke, Adam and Gross, Sam and Massa, Francisco and Lerer, Adam and Bradbury, James and Chanan, Gregory and Killeen, Trevor and Lin, Zeming and Gimelshein, Natalia and Antiga, Luca and others},
  journal={Advances in neural information processing systems},
  volume={32},
  year={2019}
}

@misc{gpt4,
  title={GPT-4 Technical Report},
  author={OpenAI},
  year={2024},
  eprint={2303.08774},
  archivePrefix={arXiv},
  primaryClass={cs.CL},
  url={https://arxiv.org/abs/2303.08774},
}

@Article{Park2024MonetMO,
 author = {Jungwoo Park and Y. Ahn and Kee-Eung Kim and Jaewoo Kang},
 booktitle = {arXiv.org},
 journal = {ArXiv},
 title = {Monet: Mixture of Monosemantic Experts for Transformers},
 volume = {abs/2412.04139},
 year = {2024}
}


@Article{Bell1995AnIA,
 author = {A. J. Bell and T. Sejnowski},
 booktitle = {Neural Computation},
 journal = {Neural Computation},
 pages = {1129-1159},
 title = {An Information-Maximization Approach to Blind Separation and Blind Deconvolution},
 volume = {7},
 year = {1995}
}


@Article{Hjelm2018LearningDR,
 author = {R. Devon Hjelm and A. Fedorov and Samuel Lavoie-Marchildon and Karan Grewal and Adam Trischler and Yoshua Bengio},
 booktitle = {International Conference on Learning Representations},
 journal = {ArXiv},
 title = {Learning deep representations by mutual information estimation and maximization},
 volume = {abs/1808.06670},
 year = {2018}
}


@Article{Mudide2024EfficientDL,
 author = {Anish Mudide and Joshua Engels and Eric J. Michaud and Max Tegmark and Christian Schroeder de Witt},
 booktitle = {arXiv.org},
 journal = {ArXiv},
 title = {Efficient Dictionary Learning with Switch Sparse Autoencoders},
 volume = {abs/2410.08201},
 year = {2024}
}


@Article{Vorontsov2017OnOA,
 author = {Eugene Vorontsov and C. Trabelsi and S. Kadoury and C. Pal},
 booktitle = {International Conference on Machine Learning},
 pages = {3570-3578},
 title = {On orthogonality and learning recurrent networks with long term dependencies},
 year = {2017}
}


@Article{Hu2020ProvableBO,
 author = {Wei Hu and Lechao Xiao and Jeffrey Pennington},
 booktitle = {International Conference on Learning Representations},
 journal = {ArXiv},
 title = {Provable Benefit of Orthogonal Initialization in Optimizing Deep Linear Networks},
 volume = {abs/2001.05992},
 year = {2020}
}


@Article{Ngiam2011SparseF,
 author = {Jiquan Ngiam and Pang Wei Koh and Zhenghao Chen and Sonia A. Bhaskar and Andrew Y. Ng},
 booktitle = {Neural Information Processing Systems},
 pages = {1125-1133},
 title = {Sparse Filtering},
 year = {2011}
}


@Article{Ngiam2011SparseF,
 author = {Jiquan Ngiam and Pang Wei Koh and Zhenghao Chen and Sonia A. Bhaskar and Andrew Y. Ng},
 booktitle = {Neural Information Processing Systems},
 pages = {1125-1133},
 title = {Sparse Filtering},
 year = {2011}
}


@Article{Olshausen1996EmergenceOS,
 author = {B. Olshausen and D. Field},
 booktitle = {Nature},
 journal = {Nature},
 pages = {607-609},
 title = {Emergence of simple-cell receptive field properties by learning a sparse code for natural images},
 volume = {381},
 year = {1996}
}


@Article{Lee2006EfficientSC,
 author = {Honglak Lee and Alexis Battle and Rajat Raina and A. Ng},
 booktitle = {Neural Information Processing Systems},
 pages = {801-808},
 title = {Efficient sparse coding algorithms},
 year = {2006}
}


@Article{Olshausen1996EmergenceOS,
 author = {B. Olshausen and D. Field},
 booktitle = {Nature},
 journal = {Nature},
 pages = {607-609},
 title = {Emergence of simple-cell receptive field properties by learning a sparse code for natural images},
 volume = {381},
 year = {1996}
}


@Article{Lee2006EfficientSC,
 author = {Honglak Lee and Alexis Battle and Rajat Raina and A. Ng},
 booktitle = {Neural Information Processing Systems},
 pages = {801-808},
 title = {Efficient sparse coding algorithms},
 year = {2006}
}


@Inproceedings{Higgins2016betaVAELB,
 author = {I. Higgins and L. Matthey and Arka Pal and Christopher P. Burgess and Xavier Glorot and M. Botvinick and S. Mohamed and Alexander Lerchner},
 booktitle = {International Conference on Learning Representations},
 title = {beta-VAE: Learning Basic Visual Concepts with a Constrained Variational Framework},
 year = {2016}
}


@Article{Gresele2021IndependentMA,
 author = {Luigi Gresele and Julius von Kügelgen and Vincent Stimper and B. Scholkopf and M. Besserve},
 booktitle = {Neural Information Processing Systems},
 journal = {ArXiv},
 title = {Independent mechanism analysis, a new concept?},
 volume = {abs/2106.05200},
 year = {2021}
}


@Article{Mairal2009OnlineLF,
 author = {J. Mairal and F. Bach and J. Ponce and G. Sapiro},
 booktitle = {Journal of machine learning research},
 journal = {J. Mach. Learn. Res.},
 pages = {19-60},
 title = {Online Learning for Matrix Factorization and Sparse Coding},
 volume = {11},
 year = {2009}
}


@Article{Biderman2023PythiaAS,
 author = {Stella Biderman and Hailey Schoelkopf and Quentin G. Anthony and Herbie Bradley and Kyle O'Brien and Eric Hallahan and Mohammad Aflah Khan and Shivanshu Purohit and USVSN Sai Prashanth and Edward Raff and Aviya Skowron and Lintang Sutawika and Oskar van der Wal},
 booktitle = {International Conference on Machine Learning},
 journal = {ArXiv},
 title = {Pythia: A Suite for Analyzing Large Language Models Across Training and Scaling},
 volume = {abs/2304.01373},
 year = {2023}
}


@Article{Zbontar2021BarlowTS,
 author = {Jure Zbontar and Li Jing and Ishan Misra and Yann LeCun and Stéphane Deny},
 booktitle = {International Conference on Machine Learning},
 journal = {ArXiv},
 title = {Barlow Twins: Self-Supervised Learning via Redundancy Reduction},
 volume = {abs/2103.03230},
 year = {2021}
}


@Article{Kim2022RevisitingOR,
 author = {Taehyeon Kim and Se-Young Yun},
 booktitle = {IEEE Access},
 journal = {IEEE Access},
 pages = {1-1},
 title = {Revisiting Orthogonality Regularization: A Study for Convolutional Neural Networks in Image Classification},
 volume = {PP},
 year = {2022}
}

