%% LaTeX2e file `references.bib'
%% generated by the `filecontents' environment
%% from source `template' on 2025/01/25.
%%

@book{goodfellow2016deep,
  title={Deep learning},
  author={Goodfellow, Ian and Bengio, Yoshua and Courville, Aaron and Bengio, Yoshua},
  volume={1},
  year={2016},
  publisher={MIT Press}
}

@article{vaswani2017attention,
  title={Attention is all you need},
  author={Vaswani, Ashish and Shazeer, Noam and Parmar, Niki and Uszkoreit, Jakob and Jones, Llion and Gomez, Aidan N and Kaiser, {\L}ukasz and Polosukhin, Illia},
  journal={Advances in neural information processing systems},
  volume={30},
  year={2017}
}

@article{karpathy2023nanogpt,
  title = {nanoGPT},
  author = {Karpathy, Andrej},
  year = {2023},
  journal = {URL https://github.com/karpathy/nanoGPT/tree/master},
  note = {GitHub repository}
}

@article{kingma2014adam,
  title={Adam: A method for stochastic optimization},
  author={Kingma, Diederik P and Ba, Jimmy},
  journal={arXiv preprint arXiv:1412.6980},
  year={2014}
}

@article{ba2016layer,
  title={Layer normalization},
  author={Ba, Jimmy Lei and Kiros, Jamie Ryan and Hinton, Geoffrey E},
  journal={arXiv preprint arXiv:1607.06450},
  year={2016}
}

@article{loshchilov2017adamw,
  title={Decoupled weight decay regularization},
  author={Loshchilov, Ilya and Hutter, Frank},
  journal={arXiv preprint arXiv:1711.05101},
  year={2017}
}

@article{radford2019language,
  title={Language Models are Unsupervised Multitask Learners},
  author={Radford, Alec and Wu, Jeff and Child, Rewon and Luan, David and Amodei, Dario and Sutskever, Ilya},
  year={2019}
}

@article{bahdanau2014neural,
  title={Neural machine translation by jointly learning to align and translate},
  author={Bahdanau, Dzmitry and Cho, Kyunghyun and Bengio, Yoshua},
  journal={arXiv preprint arXiv:1409.0473},
  year={2014}
}

@article{paszke2019pytorch,
  title={Pytorch: An imperative style, high-performance deep learning library},
  author={Paszke, Adam and Gross, Sam and Massa, Francisco and Lerer, Adam and Bradbury, James and Chanan, Gregory and Killeen, Trevor and Lin, Zeming and Gimelshein, Natalia and Antiga, Luca and others},
  journal={Advances in neural information processing systems},
  volume={32},
  year={2019}
}

@misc{gpt4,
  title={GPT-4 Technical Report},
  author={OpenAI},
  year={2024},
  eprint={2303.08774},
  archivePrefix={arXiv},
  primaryClass={cs.CL},
  url={https://arxiv.org/abs/2303.08774},
}

@Article{Bell1995AnIA,
 author = {A. J. Bell and T. Sejnowski},
 booktitle = {Neural Computation},
 journal = {Neural Computation},
 pages = {1129-1159},
 title = {An Information-Maximization Approach to Blind Separation and Blind Deconvolution},
 volume = {7},
 year = {1995}
}


@Article{F.R.S.1901LIIIOL,
 author = {Karl Pearson F.R.S.},
 journal = {Philosophical Magazine Series 1},
 pages = {559-572},
 title = {LIII. On lines and planes of closest fit to systems of points in space},
 volume = {2},
 year = {1901}
}


@Inproceedings{Higgins2016betaVAELB,
 author = {I. Higgins and L. Matthey and Arka Pal and Christopher P. Burgess and Xavier Glorot and M. Botvinick and S. Mohamed and Alexander Lerchner},
 booktitle = {International Conference on Learning Representations},
 title = {beta-VAE: Learning Basic Visual Concepts with a Constrained Variational Framework},
 year = {2016}
}


@Article{Locatello2018ChallengingCA,
 author = {Francesco Locatello and Stefan Bauer and Mario Lucic and S. Gelly and B. Scholkopf and Olivier Bachem},
 booktitle = {International Conference on Machine Learning},
 pages = {4114-4124},
 title = {Challenging Common Assumptions in the Unsupervised Learning of Disentangled Representations},
 year = {2018}
}


@Article{Chen2016InfoGANIR,
 author = {Xi Chen and Yan Duan and Rein Houthooft and John Schulman and I. Sutskever and P. Abbeel},
 booktitle = {Neural Information Processing Systems},
 pages = {2172-2180},
 title = {InfoGAN: Interpretable Representation Learning by Information Maximizing Generative Adversarial Nets},
 year = {2016}
}


@Article{Kingma2013AutoEncodingVB,
 author = {Diederik P. Kingma and M. Welling},
 booktitle = {International Conference on Learning Representations},
 journal = {CoRR},
 title = {Auto-Encoding Variational Bayes},
 volume = {abs/1312.6114},
 year = {2013}
}


@Article{Belghazi2018MutualIN,
 author = {Mohamed Ishmael Belghazi and A. Baratin and Sai Rajeswar and Sherjil Ozair and Yoshua Bengio and R. Devon Hjelm and Aaron C. Courville},
 booktitle = {International Conference on Machine Learning},
 pages = {530-539},
 title = {Mutual Information Neural Estimation},
 year = {2018}
}


@Article{Mairal2009OnlineLF,
 author = {J. Mairal and F. Bach and J. Ponce and G. Sapiro},
 booktitle = {Journal of machine learning research},
 journal = {J. Mach. Learn. Res.},
 pages = {19-60},
 title = {Online Learning for Matrix Factorization and Sparse Coding},
 volume = {11},
 year = {2009}
}


@Article{Hjelm2018LearningDR,
 author = {R. Devon Hjelm and A. Fedorov and Samuel Lavoie-Marchildon and Karan Grewal and Adam Trischler and Yoshua Bengio},
 booktitle = {International Conference on Learning Representations},
 journal = {ArXiv},
 title = {Learning deep representations by mutual information estimation and maximization},
 volume = {abs/1808.06670},
 year = {2018}
}


@Article{Tishby2015DeepLA,
 author = {Naftali Tishby and Noga Zaslavsky},
 booktitle = {Information Theory Workshop},
 journal = {2015 IEEE Information Theory Workshop (ITW)},
 pages = {1-5},
 title = {Deep learning and the information bottleneck principle},
 year = {2015}
}


@Article{Goodfellow2014GenerativeAN,
 author = {I. Goodfellow and Jean Pouget-Abadie and Mehdi Mirza and Bing Xu and David Warde-Farley and Sherjil Ozair and Aaron C. Courville and Yoshua Bengio},
 booktitle = {Neural Information Processing Systems},
 pages = {2672-2680},
 title = {Generative Adversarial Nets},
 year = {2014}
}


@Article{Alemi2017DeepVI,
 author = {Alexander A. Alemi and Ian Fischer and Joshua V. Dillon},
 booktitle = {International Conference on Learning Representations},
 journal = {ArXiv},
 title = {Deep Variational Information Bottleneck},
 volume = {abs/1612.00410},
 year = {2017}
}


@Article{Tishby2015DeepLA,
 author = {Naftali Tishby and Noga Zaslavsky},
 booktitle = {Information Theory Workshop},
 journal = {2015 IEEE Information Theory Workshop (ITW)},
 pages = {1-5},
 title = {Deep learning and the information bottleneck principle},
 year = {2015}
}


@Article{Vincent2010StackedDA,
 author = {Pascal Vincent and H. Larochelle and Isabelle Lajoie and Yoshua Bengio and Pierre-Antoine Manzagol},
 booktitle = {Journal of machine learning research},
 journal = {J. Mach. Learn. Res.},
 pages = {3371-3408},
 title = {Stacked Denoising Autoencoders: Learning Useful Representations in a Deep Network with a Local Denoising Criterion},
 volume = {11},
 year = {2010}
}

