%% LaTeX2e file `references.bib'
%% generated by the `filecontents' environment
%% from source `template' on 2025/01/27.
%%

@book{goodfellow2016deep,
  title={Deep learning},
  author={Goodfellow, Ian and Bengio, Yoshua and Courville, Aaron and Bengio, Yoshua},
  volume={1},
  year={2016},
  publisher={MIT Press}
}

@article{vaswani2017attention,
  title={Attention is all you need},
  author={Vaswani, Ashish and Shazeer, Noam and Parmar, Niki and Uszkoreit, Jakob and Jones, Llion and Gomez, Aidan N and Kaiser, {\L}ukasz and Polosukhin, Illia},
  journal={Advances in neural information processing systems},
  volume={30},
  year={2017}
}

@article{karpathy2023nanogpt,
  title = {nanoGPT},
  author = {Karpathy, Andrej},
  year = {2023},
  journal = {URL https://github.com/karpathy/nanoGPT/tree/master},
  note = {GitHub repository}
}

@article{kingma2014adam,
  title={Adam: A method for stochastic optimization},
  author={Kingma, Diederik P and Ba, Jimmy},
  journal={arXiv preprint arXiv:1412.6980},
  year={2014}
}

@article{ba2016layer,
  title={Layer normalization},
  author={Ba, Jimmy Lei and Kiros, Jamie Ryan and Hinton, Geoffrey E},
  journal={arXiv preprint arXiv:1607.06450},
  year={2016}
}

@article{loshchilov2017adamw,
  title={Decoupled weight decay regularization},
  author={Loshchilov, Ilya and Hutter, Frank},
  journal={arXiv preprint arXiv:1711.05101},
  year={2017}
}

@article{radford2019language,
  title={Language Models are Unsupervised Multitask Learners},
  author={Radford, Alec and Wu, Jeff and Child, Rewon and Luan, David and Amodei, Dario and Sutskever, Ilya},
  year={2019}
}

@article{bahdanau2014neural,
  title={Neural machine translation by jointly learning to align and translate},
  author={Bahdanau, Dzmitry and Cho, Kyunghyun and Bengio, Yoshua},
  journal={arXiv preprint arXiv:1409.0473},
  year={2014}
}

@article{paszke2019pytorch,
  title={Pytorch: An imperative style, high-performance deep learning library},
  author={Paszke, Adam and Gross, Sam and Massa, Francisco and Lerer, Adam and Bradbury, James and Chanan, Gregory and Killeen, Trevor and Lin, Zeming and Gimelshein, Natalia and Antiga, Luca and others},
  journal={Advances in neural information processing systems},
  volume={32},
  year={2019}
}

@misc{gpt4,
  title={GPT-4 Technical Report},
  author={OpenAI},
  year={2024},
  eprint={2303.08774},
  archivePrefix={arXiv},
  primaryClass={cs.CL},
  url={https://arxiv.org/abs/2303.08774},
}

@Article{Rangamani2023FeatureLI,
 author = {Akshay Rangamani and Marius Lindegaard and Tomer Galanti and T. Poggio},
 booktitle = {International Conference on Machine Learning},
 pages = {28729-28745},
 title = {Feature learning in deep classifiers through Intermediate Neural Collapse},
 year = {2023}
}


@Inproceedings{Amersfoort2021OnFC,
 author = {Joost R. van Amersfoort and Lewis Smith and A. Jesson and Oscar Key and Y. Gal},
 title = {On Feature Collapse and Deep Kernel Learning for Single Forward Pass Uncertainty},
 year = {2021}
}


@Article{Oyedotun2020StructuredCO,
 author = {O. Oyedotun and D. Aouada and B. Ottersten},
 booktitle = {IEEE Workshop/Winter Conference on Applications of Computer Vision},
 journal = {2020 IEEE Winter Conference on Applications of Computer Vision (WACV)},
 pages = {2266-2275},
 title = {Structured Compression of Deep Neural Networks with Debiased Elastic Group LASSO},
 year = {2020}
}


@Inproceedings{Amersfoort2021OnFC,
 author = {Joost R. van Amersfoort and Lewis Smith and A. Jesson and Oscar Key and Y. Gal},
 title = {On Feature Collapse and Deep Kernel Learning for Single Forward Pass Uncertainty},
 year = {2021}
}


@Article{Yaras2022NeuralCW,
 author = {Can Yaras and Peng Wang and Zhihui Zhu and L. Balzano and Qing Qu},
 booktitle = {Neural Information Processing Systems},
 journal = {ArXiv},
 title = {Neural Collapse with Normalized Features: A Geometric Analysis over the Riemannian Manifold},
 volume = {abs/2209.09211},
 year = {2022}
}


@Article{Pandit2023VarianceGuidedSS,
 author = {Mohammad Khalid Pandit and Mahroosh Banday},
 booktitle = {IEEE Transactions on Artificial Intelligence},
 journal = {IEEE Transactions on Artificial Intelligence},
 pages = {1714-1723},
 title = {Variance-Guided Structured Sparsity in Deep Neural Networks},
 volume = {4},
 year = {2023}
}


@Article{Rajamanoharan2024ImprovingDL,
 author = {Senthooran Rajamanoharan and Arthur Conmy and Lewis Smith and Tom Lieberum and Vikrant Varma and J'anos Kram'ar and Rohin Shah and Neel Nanda},
 booktitle = {arXiv.org},
 journal = {ArXiv},
 title = {Improving Dictionary Learning with Gated Sparse Autoencoders},
 volume = {abs/2404.16014},
 year = {2024}
}


@Article{Zeiler2013VisualizingAU,
 author = {Matthew D. Zeiler and R. Fergus},
 booktitle = {European Conference on Computer Vision},
 journal = {ArXiv},
 title = {Visualizing and Understanding Convolutional Networks},
 volume = {abs/1311.2901},
 year = {2013}
}


@Article{Casper2023BenchmarkingIT,
 author = {Stephen Casper and Yuxiao Li and Jiawei Li and Tong Bu and Kevin Zhang and Dylan Hadfield-Menell},
 booktitle = {arXiv.org},
 journal = {ArXiv},
 title = {Benchmarking Interpretability Tools for Deep Neural Networks},
 volume = {abs/2302.10894},
 year = {2023}
}


@Article{Rajamanoharan2024ImprovingDL,
 author = {Senthooran Rajamanoharan and Arthur Conmy and Lewis Smith and Tom Lieberum and Vikrant Varma and J'anos Kram'ar and Rohin Shah and Neel Nanda},
 booktitle = {arXiv.org},
 journal = {ArXiv},
 title = {Improving Dictionary Learning with Gated Sparse Autoencoders},
 volume = {abs/2404.16014},
 year = {2024}
}


@Article{Sulam2017MultilayerCS,
 author = {Jeremias Sulam and V. Papyan and Yaniv Romano and Michael Elad},
 booktitle = {IEEE Transactions on Signal Processing},
 journal = {IEEE Transactions on Signal Processing},
 pages = {4090-4104},
 title = {Multilayer Convolutional Sparse Modeling: Pursuit and Dictionary Learning},
 volume = {66},
 year = {2017}
}


@Article{Bengio2007LearningDA,
 author = {Yoshua Bengio},
 booktitle = {Found. Trends Mach. Learn.},
 journal = {Found. Trends Mach. Learn.},
 pages = {1-127},
 title = {Learning Deep Architectures for AI},
 volume = {2},
 year = {2007}
}

