%% LaTeX2e file `references.bib'
%% generated by the `filecontents' environment
%% from source `template' on 2025/01/27.
%%

@book{goodfellow2016deep,
  title={Deep learning},
  author={Goodfellow, Ian and Bengio, Yoshua and Courville, Aaron and Bengio, Yoshua},
  volume={1},
  year={2016},
  publisher={MIT Press}
}

@article{vaswani2017attention,
  title={Attention is all you need},
  author={Vaswani, Ashish and Shazeer, Noam and Parmar, Niki and Uszkoreit, Jakob and Jones, Llion and Gomez, Aidan N and Kaiser, {\L}ukasz and Polosukhin, Illia},
  journal={Advances in neural information processing systems},
  volume={30},
  year={2017}
}

@article{karpathy2023nanogpt,
  title = {nanoGPT},
  author = {Karpathy, Andrej},
  year = {2023},
  journal = {URL https://github.com/karpathy/nanoGPT/tree/master},
  note = {GitHub repository}
}

@article{kingma2014adam,
  title={Adam: A method for stochastic optimization},
  author={Kingma, Diederik P and Ba, Jimmy},
  journal={arXiv preprint arXiv:1412.6980},
  year={2014}
}

@article{ba2016layer,
  title={Layer normalization},
  author={Ba, Jimmy Lei and Kiros, Jamie Ryan and Hinton, Geoffrey E},
  journal={arXiv preprint arXiv:1607.06450},
  year={2016}
}

@article{loshchilov2017adamw,
  title={Decoupled weight decay regularization},
  author={Loshchilov, Ilya and Hutter, Frank},
  journal={arXiv preprint arXiv:1711.05101},
  year={2017}
}

@article{radford2019language,
  title={Language Models are Unsupervised Multitask Learners},
  author={Radford, Alec and Wu, Jeff and Child, Rewon and Luan, David and Amodei, Dario and Sutskever, Ilya},
  year={2019}
}

@article{bahdanau2014neural,
  title={Neural machine translation by jointly learning to align and translate},
  author={Bahdanau, Dzmitry and Cho, Kyunghyun and Bengio, Yoshua},
  journal={arXiv preprint arXiv:1409.0473},
  year={2014}
}

@article{paszke2019pytorch,
  title={Pytorch: An imperative style, high-performance deep learning library},
  author={Paszke, Adam and Gross, Sam and Massa, Francisco and Lerer, Adam and Bradbury, James and Chanan, Gregory and Killeen, Trevor and Lin, Zeming and Gimelshein, Natalia and Antiga, Luca and others},
  journal={Advances in neural information processing systems},
  volume={32},
  year={2019}
}

@misc{gpt4,
  title={GPT-4 Technical Report},
  author={OpenAI},
  year={2024},
  eprint={2303.08774},
  archivePrefix={arXiv},
  primaryClass={cs.CL},
  url={https://arxiv.org/abs/2303.08774},
}

@Article{Olshausen1996EmergenceOS,
 author = {B. Olshausen and D. Field},
 booktitle = {Nature},
 journal = {Nature},
 pages = {607-609},
 title = {Emergence of simple-cell receptive field properties by learning a sparse code for natural images},
 volume = {381},
 year = {1996}
}


@Article{Braun2024IdentifyingFI,
 author = {Dan Braun and Jordan K. Taylor and Nicholas Goldowsky-Dill and Lee Sharkey},
 booktitle = {arXiv.org},
 journal = {ArXiv},
 title = {Identifying Functionally Important Features with End-to-End Sparse Dictionary Learning},
 volume = {abs/2405.12241},
 year = {2024}
}


@Article{Mairal2009OnlineLF,
 author = {J. Mairal and F. Bach and J. Ponce and G. Sapiro},
 booktitle = {Journal of machine learning research},
 journal = {J. Mach. Learn. Res.},
 pages = {19-60},
 title = {Online Learning for Matrix Factorization and Sparse Coding},
 volume = {11},
 year = {2009}
}


@Article{Li2024ConvergenceAF,
 author = {Jianfei Li and Han Feng and Ding-Xuan Zhou},
 booktitle = {arXiv.org},
 journal = {ArXiv},
 title = {Convergence Analysis for Deep Sparse Coding via Convolutional Neural Networks},
 volume = {abs/2408.05540},
 year = {2024}
}


@Article{Achour2021ExistenceSA,
 author = {E. M. Achour and Franccois Malgouyres and Franck Mamalet},
 booktitle = {Journal of machine learning research},
 journal = {J. Mach. Learn. Res.},
 pages = {347:1-347:56},
 title = {Existence, Stability and Scalability of Orthogonal Convolutional Neural Networks},
 volume = {23},
 year = {2021}
}


@Article{Syed2023AttributionPO,
 author = {Aaquib Syed and Can Rager and Arthur Conmy},
 booktitle = {BlackboxNLP Workshop on Analyzing and Interpreting Neural Networks for NLP},
 journal = {ArXiv},
 title = {Attribution Patching Outperforms Automated Circuit Discovery},
 volume = {abs/2310.10348},
 year = {2023}
}

@Article{Ferrando2024InformationFR,
 author = {Javier Ferrando and Elena Voita},
 booktitle = {Conference on Empirical Methods in Natural Language Processing},
 journal = {ArXiv},
 title = {Information Flow Routes: Automatically Interpreting Language Models at Scale},
 volume = {abs/2403.00824},
 year = {2024}
}


@Article{Nguyen2016MultifacetedFV,
 author = {Anh Totti Nguyen and J. Yosinski and J. Clune},
 booktitle = {arXiv.org},
 journal = {ArXiv},
 title = {Multifaceted Feature Visualization: Uncovering the Different Types of Features Learned By Each Neuron in Deep Neural Networks},
 volume = {abs/1602.03616},
 year = {2016}
}


@Inproceedings{Olah2018TheBB,
 author = {C. Olah and Arvind Satyanarayan and I. Johnson and Shan Carter and Ludwig Schubert and Katherine Q. Ye and A. Mordvintsev},
 title = {The Building Blocks of Interpretability},
 volume = {3},
 year = {2018}
}


@Article{Nguyen2016MultifacetedFV,
 author = {Anh Totti Nguyen and J. Yosinski and J. Clune},
 booktitle = {arXiv.org},
 journal = {ArXiv},
 title = {Multifaceted Feature Visualization: Uncovering the Different Types of Features Learned By Each Neuron in Deep Neural Networks},
 volume = {abs/1602.03616},
 year = {2016}
}


@Article{Zeiler2013VisualizingAU,
 author = {Matthew D. Zeiler and R. Fergus},
 booktitle = {European Conference on Computer Vision},
 journal = {ArXiv},
 title = {Visualizing and Understanding Convolutional Networks},
 volume = {abs/1311.2901},
 year = {2013}
}

