%% LaTeX2e file `references.bib'
%% generated by the `filecontents' environment
%% from source `template' on 2025/01/23.
%%

@book{goodfellow2016deep,
  title={Deep learning},
  author={Goodfellow, Ian and Bengio, Yoshua and Courville, Aaron and Bengio, Yoshua},
  volume={1},
  year={2016},
  publisher={MIT Press}
}

@article{vaswani2017attention,
  title={Attention is all you need},
  author={Vaswani, Ashish and Shazeer, Noam and Parmar, Niki and Uszkoreit, Jakob and Jones, Llion and Gomez, Aidan N and Kaiser, {\L}ukasz and Polosukhin, Illia},
  journal={Advances in neural information processing systems},
  volume={30},
  year={2017}
}

@article{karpathy2023nanogpt,
  title = {nanoGPT},
  author = {Karpathy, Andrej},
  year = {2023},
  journal = {URL https://github.com/karpathy/nanoGPT/tree/master},
  note = {GitHub repository}
}

@article{kingma2014adam,
  title={Adam: A method for stochastic optimization},
  author={Kingma, Diederik P and Ba, Jimmy},
  journal={arXiv preprint arXiv:1412.6980},
  year={2014}
}

@article{ba2016layer,
  title={Layer normalization},
  author={Ba, Jimmy Lei and Kiros, Jamie Ryan and Hinton, Geoffrey E},
  journal={arXiv preprint arXiv:1607.06450},
  year={2016}
}

@article{loshchilov2017adamw,
  title={Decoupled weight decay regularization},
  author={Loshchilov, Ilya and Hutter, Frank},
  journal={arXiv preprint arXiv:1711.05101},
  year={2017}
}

@article{radford2019language,
  title={Language Models are Unsupervised Multitask Learners},
  author={Radford, Alec and Wu, Jeff and Child, Rewon and Luan, David and Amodei, Dario and Sutskever, Ilya},
  year={2019}
}

@article{bahdanau2014neural,
  title={Neural machine translation by jointly learning to align and translate},
  author={Bahdanau, Dzmitry and Cho, Kyunghyun and Bengio, Yoshua},
  journal={arXiv preprint arXiv:1409.0473},
  year={2014}
}

@article{paszke2019pytorch,
  title={Pytorch: An imperative style, high-performance deep learning library},
  author={Paszke, Adam and Gross, Sam and Massa, Francisco and Lerer, Adam and Bradbury, James and Chanan, Gregory and Killeen, Trevor and Lin, Zeming and Gimelshein, Natalia and Antiga, Luca and others},
  journal={Advances in neural information processing systems},
  volume={32},
  year={2019}
}

@misc{gpt4,
  title={GPT-4 Technical Report},
  author={OpenAI},
  year={2024},
  eprint={2303.08774},
  archivePrefix={arXiv},
  primaryClass={cs.CL},
  url={https://arxiv.org/abs/2303.08774},
}

@Article{Park2024MonetMO,
 author = {Jungwoo Park and Y. Ahn and Kee-Eung Kim and Jaewoo Kang},
 booktitle = {arXiv.org},
 journal = {ArXiv},
 title = {Monet: Mixture of Monosemantic Experts for Transformers},
 volume = {abs/2412.04139},
 year = {2024}
}


@Article{Burgess2018UnderstandingDI,
 author = {Christopher P. Burgess and I. Higgins and Arka Pal and L. Matthey and Nicholas Watters and Guillaume Desjardins and Alexander Lerchner},
 booktitle = {arXiv.org},
 journal = {ArXiv},
 title = {Understanding disentangling in Î²-VAE},
 volume = {abs/1804.03599},
 year = {2018}
}


@Article{Makelov2024TowardsPE,
 author = {Aleksandar Makelov and Georg Lange and Neel Nanda},
 booktitle = {arXiv.org},
 journal = {ArXiv},
 title = {Towards Principled Evaluations of Sparse Autoencoders for Interpretability and Control},
 volume = {abs/2405.08366},
 year = {2024}
}

@Article{Kissane2024InterpretingAL,
 author = {Connor Kissane and Robert Krzyzanowski and J. Bloom and Arthur Conmy and Neel Nanda},
 booktitle = {arXiv.org},
 journal = {ArXiv},
 title = {Interpreting Attention Layer Outputs with Sparse Autoencoders},
 volume = {abs/2406.17759},
 year = {2024}
}


@Article{Makelov2024TowardsPE,
 author = {Aleksandar Makelov and Georg Lange and Neel Nanda},
 booktitle = {arXiv.org},
 journal = {ArXiv},
 title = {Towards Principled Evaluations of Sparse Autoencoders for Interpretability and Control},
 volume = {abs/2405.08366},
 year = {2024}
}


@Article{Cunningham2023SparseAF,
 author = {Hoagy Cunningham and Aidan Ewart and Logan Riggs and R. Huben and Lee Sharkey},
 booktitle = {International Conference on Learning Representations},
 journal = {ArXiv},
 title = {Sparse Autoencoders Find Highly Interpretable Features in Language Models},
 volume = {abs/2309.08600},
 year = {2023}
}


@Article{Bhaskar2024FindingTC,
 author = {Adithya Bhaskar and Alexander Wettig and Dan Friedman and Danqi Chen},
 booktitle = {arXiv.org},
 journal = {ArXiv},
 title = {Finding Transformer Circuits with Edge Pruning},
 volume = {abs/2406.16778},
 year = {2024}
}


@Article{Kissane2024InterpretingAL,
 author = {Connor Kissane and Robert Krzyzanowski and J. Bloom and Arthur Conmy and Neel Nanda},
 booktitle = {arXiv.org},
 journal = {ArXiv},
 title = {Interpreting Attention Layer Outputs with Sparse Autoencoders},
 volume = {abs/2406.17759},
 year = {2024}
}


@Article{Mu2020CompositionalEO,
 author = {Jesse Mu and Jacob Andreas},
 booktitle = {Neural Information Processing Systems},
 journal = {ArXiv},
 title = {Compositional Explanations of Neurons},
 volume = {abs/2006.14032},
 year = {2020}
}


@Article{Narayanaswamy2017LearningDR,
 author = {Siddharth Narayanaswamy and Brooks Paige and Jan-Willem van de Meent and Alban Desmaison and Noah D. Goodman and Pushmeet Kohli and Frank D. Wood and Philip H. S. Torr},
 booktitle = {Neural Information Processing Systems},
 journal = {ArXiv},
 title = {Learning Disentangled Representations with Semi-Supervised Deep Generative Models},
 volume = {abs/1706.00400},
 year = {2017}
}


@Article{Bengio2007LearningDA,
 author = {Yoshua Bengio},
 booktitle = {Found. Trends Mach. Learn.},
 journal = {Found. Trends Mach. Learn.},
 pages = {1-127},
 title = {Learning Deep Architectures for AI},
 volume = {2},
 year = {2007}
}


@Article{Narayanaswamy2017LearningDR,
 author = {Siddharth Narayanaswamy and Brooks Paige and Jan-Willem van de Meent and Alban Desmaison and Noah D. Goodman and Pushmeet Kohli and Frank D. Wood and Philip H. S. Torr},
 booktitle = {Neural Information Processing Systems},
 journal = {ArXiv},
 title = {Learning Disentangled Representations with Semi-Supervised Deep Generative Models},
 volume = {abs/1706.00400},
 year = {2017}
}


@Article{Narayanaswamy2017LearningDR,
 author = {Siddharth Narayanaswamy and Brooks Paige and Jan-Willem van de Meent and Alban Desmaison and Noah D. Goodman and Pushmeet Kohli and Frank D. Wood and Philip H. S. Torr},
 booktitle = {Neural Information Processing Systems},
 journal = {ArXiv},
 title = {Learning Disentangled Representations with Semi-Supervised Deep Generative Models},
 volume = {abs/1706.00400},
 year = {2017}
}

