%% LaTeX2e file `references.bib'
%% generated by the `filecontents' environment
%% from source `template' on 2025/01/26.
%%

@book{goodfellow2016deep,
  title={Deep learning},
  author={Goodfellow, Ian and Bengio, Yoshua and Courville, Aaron and Bengio, Yoshua},
  volume={1},
  year={2016},
  publisher={MIT Press}
}

@article{vaswani2017attention,
  title={Attention is all you need},
  author={Vaswani, Ashish and Shazeer, Noam and Parmar, Niki and Uszkoreit, Jakob and Jones, Llion and Gomez, Aidan N and Kaiser, {\L}ukasz and Polosukhin, Illia},
  journal={Advances in neural information processing systems},
  volume={30},
  year={2017}
}

@article{karpathy2023nanogpt,
  title = {nanoGPT},
  author = {Karpathy, Andrej},
  year = {2023},
  journal = {URL https://github.com/karpathy/nanoGPT/tree/master},
  note = {GitHub repository}
}

@article{kingma2014adam,
  title={Adam: A method for stochastic optimization},
  author={Kingma, Diederik P and Ba, Jimmy},
  journal={arXiv preprint arXiv:1412.6980},
  year={2014}
}

@article{ba2016layer,
  title={Layer normalization},
  author={Ba, Jimmy Lei and Kiros, Jamie Ryan and Hinton, Geoffrey E},
  journal={arXiv preprint arXiv:1607.06450},
  year={2016}
}

@article{loshchilov2017adamw,
  title={Decoupled weight decay regularization},
  author={Loshchilov, Ilya and Hutter, Frank},
  journal={arXiv preprint arXiv:1711.05101},
  year={2017}
}

@article{radford2019language,
  title={Language Models are Unsupervised Multitask Learners},
  author={Radford, Alec and Wu, Jeff and Child, Rewon and Luan, David and Amodei, Dario and Sutskever, Ilya},
  year={2019}
}

@article{bahdanau2014neural,
  title={Neural machine translation by jointly learning to align and translate},
  author={Bahdanau, Dzmitry and Cho, Kyunghyun and Bengio, Yoshua},
  journal={arXiv preprint arXiv:1409.0473},
  year={2014}
}

@article{paszke2019pytorch,
  title={Pytorch: An imperative style, high-performance deep learning library},
  author={Paszke, Adam and Gross, Sam and Massa, Francisco and Lerer, Adam and Bradbury, James and Chanan, Gregory and Killeen, Trevor and Lin, Zeming and Gimelshein, Natalia and Antiga, Luca and others},
  journal={Advances in neural information processing systems},
  volume={32},
  year={2019}
}

@misc{gpt4,
  title={GPT-4 Technical Report},
  author={OpenAI},
  year={2024},
  eprint={2303.08774},
  archivePrefix={arXiv},
  primaryClass={cs.CL},
  url={https://arxiv.org/abs/2303.08774},
}

@Article{Cunningham2023SparseAF,
 author = {Hoagy Cunningham and Aidan Ewart and Logan Riggs and R. Huben and Lee Sharkey},
 booktitle = {International Conference on Learning Representations},
 journal = {ArXiv},
 title = {Sparse Autoencoders Find Highly Interpretable Features in Language Models},
 volume = {abs/2309.08600},
 year = {2023}
}


@Article{Higgins2017betaVAELB,
 author = {Irina Higgins and L. Matthey and Arka Pal and Christopher P. Burgess and Xavier Glorot and Matthew M. Botvinick and Shakir Mohamed and Alexander Lerchner},
 booktitle = {International Conference on Learning Representations},
 title = {beta-VAE: Learning Basic Visual Concepts with a Constrained Variational Framework},
 year = {2017}
}


@Article{Burgess2018UnderstandingDI,
 author = {Christopher P. Burgess and I. Higgins and Arka Pal and L. Matthey and Nicholas Watters and Guillaume Desjardins and Alexander Lerchner},
 booktitle = {arXiv.org},
 journal = {ArXiv},
 title = {Understanding disentangling in β-VAE},
 volume = {abs/1804.03599},
 year = {2018}
}


@Article{Gao2024ScalingAE,
 author = {Leo Gao and Tom Dupr'e la Tour and Henk Tillman and Gabriel Goh and Rajan Troll and Alec Radford and I. Sutskever and J. Leike and Jeffrey Wu},
 booktitle = {arXiv.org},
 journal = {ArXiv},
 title = {Scaling and evaluating sparse autoencoders},
 volume = {abs/2406.04093},
 year = {2024}
}


@Article{Kissane2024InterpretingAL,
 author = {Connor Kissane and Robert Krzyzanowski and J. Bloom and Arthur Conmy and Neel Nanda},
 booktitle = {arXiv.org},
 journal = {ArXiv},
 title = {Interpreting Attention Layer Outputs with Sparse Autoencoders},
 volume = {abs/2406.17759},
 year = {2024}
}


@Article{Kissane2024InterpretingAL,
 author = {Connor Kissane and Robert Krzyzanowski and J. Bloom and Arthur Conmy and Neel Nanda},
 booktitle = {arXiv.org},
 journal = {ArXiv},
 title = {Interpreting Attention Layer Outputs with Sparse Autoencoders},
 volume = {abs/2406.17759},
 year = {2024}
}


@Article{Bengio2007LearningDA,
 author = {Yoshua Bengio},
 booktitle = {Found. Trends Mach. Learn.},
 journal = {Found. Trends Mach. Learn.},
 pages = {1-127},
 title = {Learning Deep Architectures for AI},
 volume = {2},
 year = {2007}
}


@Article{Hu2020ProvableBO,
 author = {Wei Hu and Lechao Xiao and Jeffrey Pennington},
 booktitle = {International Conference on Learning Representations},
 journal = {ArXiv},
 title = {Provable Benefit of Orthogonal Initialization in Optimizing Deep Linear Networks},
 volume = {abs/2001.05992},
 year = {2020}
}

@Article{Li2019OrthogonalDN,
 author = {Shuai Li and K. Jia and Yuxin Wen and Tongliang Liu and D. Tao},
 booktitle = {IEEE Transactions on Pattern Analysis and Machine Intelligence},
 journal = {IEEE Transactions on Pattern Analysis and Machine Intelligence},
 pages = {1352-1368},
 title = {Orthogonal Deep Neural Networks},
 volume = {43},
 year = {2019}
}


@Article{Conmy2023TowardsAC,
 author = {Arthur Conmy and Augustine N. Mavor-Parker and Aengus Lynch and Stefan Heimersheim and Adrià Garriga-Alonso},
 booktitle = {Neural Information Processing Systems},
 journal = {ArXiv},
 title = {Towards Automated Circuit Discovery for Mechanistic Interpretability},
 volume = {abs/2304.14997},
 year = {2023}
}


@Article{Wang2018GLUEAM,
 author = {Alex Wang and Amanpreet Singh and Julian Michael and Felix Hill and Omer Levy and Samuel R. Bowman},
 booktitle = {BlackboxNLP@EMNLP},
 pages = {353-355},
 title = {GLUE: A Multi-Task Benchmark and Analysis Platform for Natural Language Understanding},
 year = {2018}
}

