%% LaTeX2e file `references.bib'
%% generated by the `filecontents' environment
%% from source `template' on 2025/01/25.
%%

@book{goodfellow2016deep,
  title={Deep learning},
  author={Goodfellow, Ian and Bengio, Yoshua and Courville, Aaron and Bengio, Yoshua},
  volume={1},
  year={2016},
  publisher={MIT Press}
}

@article{vaswani2017attention,
  title={Attention is all you need},
  author={Vaswani, Ashish and Shazeer, Noam and Parmar, Niki and Uszkoreit, Jakob and Jones, Llion and Gomez, Aidan N and Kaiser, {\L}ukasz and Polosukhin, Illia},
  journal={Advances in neural information processing systems},
  volume={30},
  year={2017}
}

@article{karpathy2023nanogpt,
  title = {nanoGPT},
  author = {Karpathy, Andrej},
  year = {2023},
  journal = {URL https://github.com/karpathy/nanoGPT/tree/master},
  note = {GitHub repository}
}

@article{kingma2014adam,
  title={Adam: A method for stochastic optimization},
  author={Kingma, Diederik P and Ba, Jimmy},
  journal={arXiv preprint arXiv:1412.6980},
  year={2014}
}

@article{ba2016layer,
  title={Layer normalization},
  author={Ba, Jimmy Lei and Kiros, Jamie Ryan and Hinton, Geoffrey E},
  journal={arXiv preprint arXiv:1607.06450},
  year={2016}
}

@article{loshchilov2017adamw,
  title={Decoupled weight decay regularization},
  author={Loshchilov, Ilya and Hutter, Frank},
  journal={arXiv preprint arXiv:1711.05101},
  year={2017}
}

@article{radford2019language,
  title={Language Models are Unsupervised Multitask Learners},
  author={Radford, Alec and Wu, Jeff and Child, Rewon and Luan, David and Amodei, Dario and Sutskever, Ilya},
  year={2019}
}

@article{bahdanau2014neural,
  title={Neural machine translation by jointly learning to align and translate},
  author={Bahdanau, Dzmitry and Cho, Kyunghyun and Bengio, Yoshua},
  journal={arXiv preprint arXiv:1409.0473},
  year={2014}
}

@article{paszke2019pytorch,
  title={Pytorch: An imperative style, high-performance deep learning library},
  author={Paszke, Adam and Gross, Sam and Massa, Francisco and Lerer, Adam and Bradbury, James and Chanan, Gregory and Killeen, Trevor and Lin, Zeming and Gimelshein, Natalia and Antiga, Luca and others},
  journal={Advances in neural information processing systems},
  volume={32},
  year={2019}
}

@misc{gpt4,
  title={GPT-4 Technical Report},
  author={OpenAI},
  year={2024},
  eprint={2303.08774},
  archivePrefix={arXiv},
  primaryClass={cs.CL},
  url={https://arxiv.org/abs/2303.08774},
}

@Article{Marks2024EnhancingNN,
 author = {Luke Marks and Alisdair Paren and David Krueger and Fazl Barez},
 booktitle = {arXiv.org},
 journal = {ArXiv},
 title = {Enhancing Neural Network Interpretability with Feature-Aligned Sparse Autoencoders},
 volume = {abs/2411.01220},
 year = {2024}
}


@Article{Bengio2007LearningDA,
 author = {Yoshua Bengio},
 booktitle = {Found. Trends Mach. Learn.},
 journal = {Found. Trends Mach. Learn.},
 pages = {1-127},
 title = {Learning Deep Architectures for AI},
 volume = {2},
 year = {2007}
}


@Article{Voita2019AnalyzingMS,
 author = {Elena Voita and David Talbot and F. Moiseev and Rico Sennrich and Ivan Titov},
 booktitle = {Annual Meeting of the Association for Computational Linguistics},
 journal = {ArXiv},
 title = {Analyzing Multi-Head Self-Attention: Specialized Heads Do the Heavy Lifting, the Rest Can Be Pruned},
 volume = {abs/1905.09418},
 year = {2019}
}


@Article{Olshausen1996EmergenceOS,
 author = {B. Olshausen and D. Field},
 booktitle = {Nature},
 journal = {Nature},
 pages = {607-609},
 title = {Emergence of simple-cell receptive field properties by learning a sparse code for natural images},
 volume = {381},
 year = {1996}
}


@Article{Clark2019WhatDB,
 author = {Kevin Clark and Urvashi Khandelwal and Omer Levy and Christopher D. Manning},
 booktitle = {BlackboxNLP@ACL},
 pages = {276-286},
 title = {What Does BERT Look at? An Analysis of BERTâ€™s Attention},
 year = {2019}
}


@Article{Mairal2009OnlineLF,
 author = {J. Mairal and F. Bach and J. Ponce and G. Sapiro},
 booktitle = {Journal of machine learning research},
 journal = {J. Mach. Learn. Res.},
 pages = {19-60},
 title = {Online Learning for Matrix Factorization and Sparse Coding},
 volume = {11},
 year = {2009}
}


@Article{Zeiler2013VisualizingAU,
 author = {Matthew D. Zeiler and R. Fergus},
 booktitle = {European Conference on Computer Vision},
 journal = {ArXiv},
 title = {Visualizing and Understanding Convolutional Networks},
 volume = {abs/1311.2901},
 year = {2013}
}


@Article{He2024DecodingPR,
 author = {Linyang He and Peili Chen and Ercong Nie and Yuanning Li and Jonathan R. Brennan},
 booktitle = {International Conference on Language Resources and Evaluation},
 journal = {ArXiv},
 title = {Decoding Probing: Revealing Internal Linguistic Structures in Neural Language Models Using Minimal Pairs},
 volume = {abs/2403.17299},
 year = {2024}
}


@Article{Lee2006EfficientSC,
 author = {Honglak Lee and Alexis Battle and Rajat Raina and A. Ng},
 booktitle = {Neural Information Processing Systems},
 pages = {801-808},
 title = {Efficient sparse coding algorithms},
 year = {2006}
}


@Article{Kazemnejad2023TheIO,
 author = {Amirhossein Kazemnejad and Inkit Padhi and K. Ramamurthy and Payel Das and Siva Reddy},
 booktitle = {Neural Information Processing Systems},
 journal = {ArXiv},
 title = {The Impact of Positional Encoding on Length Generalization in Transformers},
 volume = {abs/2305.19466},
 year = {2023}
}


@Article{Lee2006EfficientSC,
 author = {Honglak Lee and Alexis Battle and Rajat Raina and A. Ng},
 booktitle = {Neural Information Processing Systems},
 pages = {801-808},
 title = {Efficient sparse coding algorithms},
 year = {2006}
}


@Article{Li2018CyclicAT,
 author = {Jiawei Li and Tao Dai and Qingtao Tang and Yeli Xing and Shutao Xia},
 booktitle = {International Conference on Information Photonics},
 journal = {2018 25th IEEE International Conference on Image Processing (ICIP)},
 pages = {21-25},
 title = {Cyclic Annealing Training Convolutional Neural Networks for Image Classification with Noisy Labels},
 year = {2018}
}


@Article{Kazemnejad2023TheIO,
 author = {Amirhossein Kazemnejad and Inkit Padhi and K. Ramamurthy and Payel Das and Siva Reddy},
 booktitle = {Neural Information Processing Systems},
 journal = {ArXiv},
 title = {The Impact of Positional Encoding on Length Generalization in Transformers},
 volume = {abs/2305.19466},
 year = {2023}
}

