%% LaTeX2e file `references.bib'
%% generated by the `filecontents' environment
%% from source `template' on 2025/01/25.
%%

@book{goodfellow2016deep,
  title={Deep learning},
  author={Goodfellow, Ian and Bengio, Yoshua and Courville, Aaron and Bengio, Yoshua},
  volume={1},
  year={2016},
  publisher={MIT Press}
}

@article{vaswani2017attention,
  title={Attention is all you need},
  author={Vaswani, Ashish and Shazeer, Noam and Parmar, Niki and Uszkoreit, Jakob and Jones, Llion and Gomez, Aidan N and Kaiser, {\L}ukasz and Polosukhin, Illia},
  journal={Advances in neural information processing systems},
  volume={30},
  year={2017}
}

@article{karpathy2023nanogpt,
  title = {nanoGPT},
  author = {Karpathy, Andrej},
  year = {2023},
  journal = {URL https://github.com/karpathy/nanoGPT/tree/master},
  note = {GitHub repository}
}

@article{kingma2014adam,
  title={Adam: A method for stochastic optimization},
  author={Kingma, Diederik P and Ba, Jimmy},
  journal={arXiv preprint arXiv:1412.6980},
  year={2014}
}

@article{ba2016layer,
  title={Layer normalization},
  author={Ba, Jimmy Lei and Kiros, Jamie Ryan and Hinton, Geoffrey E},
  journal={arXiv preprint arXiv:1607.06450},
  year={2016}
}

@article{loshchilov2017adamw,
  title={Decoupled weight decay regularization},
  author={Loshchilov, Ilya and Hutter, Frank},
  journal={arXiv preprint arXiv:1711.05101},
  year={2017}
}

@article{radford2019language,
  title={Language Models are Unsupervised Multitask Learners},
  author={Radford, Alec and Wu, Jeff and Child, Rewon and Luan, David and Amodei, Dario and Sutskever, Ilya},
  year={2019}
}

@article{bahdanau2014neural,
  title={Neural machine translation by jointly learning to align and translate},
  author={Bahdanau, Dzmitry and Cho, Kyunghyun and Bengio, Yoshua},
  journal={arXiv preprint arXiv:1409.0473},
  year={2014}
}

@article{paszke2019pytorch,
  title={Pytorch: An imperative style, high-performance deep learning library},
  author={Paszke, Adam and Gross, Sam and Massa, Francisco and Lerer, Adam and Bradbury, James and Chanan, Gregory and Killeen, Trevor and Lin, Zeming and Gimelshein, Natalia and Antiga, Luca and others},
  journal={Advances in neural information processing systems},
  volume={32},
  year={2019}
}

@misc{gpt4,
  title={GPT-4 Technical Report},
  author={OpenAI},
  year={2024},
  eprint={2303.08774},
  archivePrefix={arXiv},
  primaryClass={cs.CL},
  url={https://arxiv.org/abs/2303.08774},
}

@Article{Kingma2013AutoEncodingVB,
 author = {Diederik P. Kingma and M. Welling},
 booktitle = {International Conference on Learning Representations},
 journal = {CoRR},
 title = {Auto-Encoding Variational Bayes},
 volume = {abs/1312.6114},
 year = {2013}
}


@Article{Chen2016InfoGANIR,
 author = {Xi Chen and Yan Duan and Rein Houthooft and John Schulman and I. Sutskever and P. Abbeel},
 booktitle = {Neural Information Processing Systems},
 pages = {2172-2180},
 title = {InfoGAN: Interpretable Representation Learning by Information Maximizing Generative Adversarial Nets},
 year = {2016}
}


@Article{Burgess2018UnderstandingDI,
 author = {Christopher P. Burgess and I. Higgins and Arka Pal and L. Matthey and Nicholas Watters and Guillaume Desjardins and Alexander Lerchner},
 booktitle = {arXiv.org},
 journal = {ArXiv},
 title = {Understanding disentangling in Î²-VAE},
 volume = {abs/1804.03599},
 year = {2018}
}


@Article{Olshausen1996EmergenceOS,
 author = {B. Olshausen and D. Field},
 booktitle = {Nature},
 journal = {Nature},
 pages = {607-609},
 title = {Emergence of simple-cell receptive field properties by learning a sparse code for natural images},
 volume = {381},
 year = {1996}
}


@Article{Bowren2021ASC,
 author = {Joshua Bowren},
 booktitle = {arXiv.org},
 journal = {ArXiv},
 title = {A Sparse Coding Interpretation of Neural Networks and Theoretical Implications},
 volume = {abs/2108.06622},
 year = {2021}
}


@Article{Zhang2022BortTE,
 author = {Borui Zhang and Wenzhao Zheng and Jie Zhou and Jiwen Lu},
 booktitle = {International Conference on Learning Representations},
 journal = {ArXiv},
 title = {Bort: Towards Explainable Neural Networks with Bounded Orthogonal Constraint},
 volume = {abs/2212.09062},
 year = {2022}
}


@Article{Cunningham2023SparseAF,
 author = {Hoagy Cunningham and Aidan Ewart and Logan Riggs and R. Huben and Lee Sharkey},
 booktitle = {International Conference on Learning Representations},
 journal = {ArXiv},
 title = {Sparse Autoencoders Find Highly Interpretable Features in Language Models},
 volume = {abs/2309.08600},
 year = {2023}
}


@Article{Pascanu2012OnTD,
 author = {Razvan Pascanu and Tomas Mikolov and Yoshua Bengio},
 booktitle = {International Conference on Machine Learning},
 pages = {1310-1318},
 title = {On the difficulty of training recurrent neural networks},
 year = {2012}
}


@Article{Suteu2019RegularizingDM,
 author = {Mihai Suteu and Yike Guo},
 booktitle = {arXiv.org},
 journal = {ArXiv},
 title = {Regularizing Deep Multi-Task Networks using Orthogonal Gradients},
 volume = {abs/1912.06844},
 year = {2019}
}


@Article{Eryilmaz2022UnderstandingHO,
 author = {S. Eryilmaz and A. Dundar},
 booktitle = {IEEE Transactions on Neural Networks and Learning Systems},
 journal = {IEEE Transactions on Neural Networks and Learning Systems},
 pages = {10737-10746},
 title = {Understanding How Orthogonality of Parameters Improves Quantization of Neural Networks},
 volume = {34},
 year = {2022}
}


@Article{Kim2022RevisitingOR,
 author = {Taehyeon Kim and Se-Young Yun},
 booktitle = {IEEE Access},
 journal = {IEEE Access},
 pages = {1-1},
 title = {Revisiting Orthogonality Regularization: A Study for Convolutional Neural Networks in Image Classification},
 volume = {PP},
 year = {2022}
}

