%% LaTeX2e file `references.bib'
%% generated by the `filecontents' environment
%% from source `template' on 2025/01/25.
%%

@book{goodfellow2016deep,
  title={Deep learning},
  author={Goodfellow, Ian and Bengio, Yoshua and Courville, Aaron and Bengio, Yoshua},
  volume={1},
  year={2016},
  publisher={MIT Press}
}

@article{vaswani2017attention,
  title={Attention is all you need},
  author={Vaswani, Ashish and Shazeer, Noam and Parmar, Niki and Uszkoreit, Jakob and Jones, Llion and Gomez, Aidan N and Kaiser, {\L}ukasz and Polosukhin, Illia},
  journal={Advances in neural information processing systems},
  volume={30},
  year={2017}
}

@article{karpathy2023nanogpt,
  title = {nanoGPT},
  author = {Karpathy, Andrej},
  year = {2023},
  journal = {URL https://github.com/karpathy/nanoGPT/tree/master},
  note = {GitHub repository}
}

@article{kingma2014adam,
  title={Adam: A method for stochastic optimization},
  author={Kingma, Diederik P and Ba, Jimmy},
  journal={arXiv preprint arXiv:1412.6980},
  year={2014}
}

@article{ba2016layer,
  title={Layer normalization},
  author={Ba, Jimmy Lei and Kiros, Jamie Ryan and Hinton, Geoffrey E},
  journal={arXiv preprint arXiv:1607.06450},
  year={2016}
}

@article{loshchilov2017adamw,
  title={Decoupled weight decay regularization},
  author={Loshchilov, Ilya and Hutter, Frank},
  journal={arXiv preprint arXiv:1711.05101},
  year={2017}
}

@article{radford2019language,
  title={Language Models are Unsupervised Multitask Learners},
  author={Radford, Alec and Wu, Jeff and Child, Rewon and Luan, David and Amodei, Dario and Sutskever, Ilya},
  year={2019}
}

@article{bahdanau2014neural,
  title={Neural machine translation by jointly learning to align and translate},
  author={Bahdanau, Dzmitry and Cho, Kyunghyun and Bengio, Yoshua},
  journal={arXiv preprint arXiv:1409.0473},
  year={2014}
}

@article{paszke2019pytorch,
  title={Pytorch: An imperative style, high-performance deep learning library},
  author={Paszke, Adam and Gross, Sam and Massa, Francisco and Lerer, Adam and Bradbury, James and Chanan, Gregory and Killeen, Trevor and Lin, Zeming and Gimelshein, Natalia and Antiga, Luca and others},
  journal={Advances in neural information processing systems},
  volume={32},
  year={2019}
}

@misc{gpt4,
  title={GPT-4 Technical Report},
  author={OpenAI},
  year={2024},
  eprint={2303.08774},
  archivePrefix={arXiv},
  primaryClass={cs.CL},
  url={https://arxiv.org/abs/2303.08774},
}

@Article{Cunningham2023SparseAF,
 author = {Hoagy Cunningham and Aidan Ewart and Logan Riggs and R. Huben and Lee Sharkey},
 booktitle = {International Conference on Learning Representations},
 journal = {ArXiv},
 title = {Sparse Autoencoders Find Highly Interpretable Features in Language Models},
 volume = {abs/2309.08600},
 year = {2023}
}


@Article{Sinha2022TheCC,
 author = {Koustuv Sinha and Amirhossein Kazemnejad and Siva Reddy and J. Pineau and Dieuwke Hupkes and Adina Williams},
 booktitle = {Conference on Empirical Methods in Natural Language Processing},
 journal = {ArXiv},
 title = {The Curious Case of Absolute Position Embeddings},
 volume = {abs/2210.12574},
 year = {2022}
}

@Article{Kazemnejad2023TheIO,
 author = {Amirhossein Kazemnejad and Inkit Padhi and K. Ramamurthy and Payel Das and Siva Reddy},
 booktitle = {Neural Information Processing Systems},
 journal = {ArXiv},
 title = {The Impact of Positional Encoding on Length Generalization in Transformers},
 volume = {abs/2305.19466},
 year = {2023}
}


@Conference{Zaharia2019AnalyzingDO,
 author = {Andrew D. Zaharia and B. Peters and J. Cunningham and N. Kriegeskorte},
 booktitle = {2019 Conference on Cognitive Computational Neuroscience},
 journal = {2019 Conference on Cognitive Computational Neuroscience},
 title = {Analyzing disentanglement of visual objects in semi-supervised neural networks},
 year = {2019}
}


@Article{Burgess2018UnderstandingDI,
 author = {Christopher P. Burgess and I. Higgins and Arka Pal and L. Matthey and Nicholas Watters and Guillaume Desjardins and Alexander Lerchner},
 booktitle = {arXiv.org},
 journal = {ArXiv},
 title = {Understanding disentangling in β-VAE},
 volume = {abs/1804.03599},
 year = {2018}
}


@Article{Higgins2016EarlyVC,
 author = {I. Higgins and L. Matthey and Xavier Glorot and Arka Pal and Benigno Uria and C. Blundell and S. Mohamed and Alexander Lerchner},
 booktitle = {arXiv.org},
 journal = {ArXiv},
 title = {Early Visual Concept Learning with Unsupervised Deep Learning},
 volume = {abs/1606.05579},
 year = {2016}
}


@Article{Burgess2018UnderstandingDI,
 author = {Christopher P. Burgess and I. Higgins and Arka Pal and L. Matthey and Nicholas Watters and Guillaume Desjardins and Alexander Lerchner},
 booktitle = {arXiv.org},
 journal = {ArXiv},
 title = {Understanding disentangling in β-VAE},
 volume = {abs/1804.03599},
 year = {2018}
}


@Article{Locatello2018ChallengingCA,
 author = {Francesco Locatello and Stefan Bauer and Mario Lucic and S. Gelly and B. Scholkopf and Olivier Bachem},
 booktitle = {International Conference on Machine Learning},
 pages = {4114-4124},
 title = {Challenging Common Assumptions in the Unsupervised Learning of Disentangled Representations},
 year = {2018}
}


@Article{Chen2020ASF,
 author = {Ting Chen and Simon Kornblith and Mohammad Norouzi and Geoffrey E. Hinton},
 booktitle = {International Conference on Machine Learning},
 journal = {ArXiv},
 title = {A Simple Framework for Contrastive Learning of Visual Representations},
 volume = {abs/2002.05709},
 year = {2020}
}


@Article{Oord2018RepresentationLW,
 author = {Aäron van den Oord and Yazhe Li and O. Vinyals},
 booktitle = {arXiv.org},
 journal = {ArXiv},
 title = {Representation Learning with Contrastive Predictive Coding},
 volume = {abs/1807.03748},
 year = {2018}
}


@Article{Burgess2018UnderstandingDI,
 author = {Christopher P. Burgess and I. Higgins and Arka Pal and L. Matthey and Nicholas Watters and Guillaume Desjardins and Alexander Lerchner},
 booktitle = {arXiv.org},
 journal = {ArXiv},
 title = {Understanding disentangling in β-VAE},
 volume = {abs/1804.03599},
 year = {2018}
}

@Article{Higgins2017betaVAELB,
 author = {Irina Higgins and L. Matthey and Arka Pal and Christopher P. Burgess and Xavier Glorot and Matthew M. Botvinick and Shakir Mohamed and Alexander Lerchner},
 booktitle = {International Conference on Learning Representations},
 title = {beta-VAE: Learning Basic Visual Concepts with a Constrained Variational Framework},
 year = {2017}
}


@Article{Chen2020ASF,
 author = {Ting Chen and Simon Kornblith and Mohammad Norouzi and Geoffrey E. Hinton},
 booktitle = {International Conference on Machine Learning},
 journal = {ArXiv},
 title = {A Simple Framework for Contrastive Learning of Visual Representations},
 volume = {abs/2002.05709},
 year = {2020}
}


@Article{Devlin2019BERTPO,
 author = {Jacob Devlin and Ming-Wei Chang and Kenton Lee and Kristina Toutanova},
 booktitle = {North American Chapter of the Association for Computational Linguistics},
 pages = {4171-4186},
 title = {BERT: Pre-training of Deep Bidirectional Transformers for Language Understanding},
 year = {2019}
}


@Article{Higgins2017betaVAELB,
 author = {Irina Higgins and L. Matthey and Arka Pal and Christopher P. Burgess and Xavier Glorot and Matthew M. Botvinick and Shakir Mohamed and Alexander Lerchner},
 booktitle = {International Conference on Learning Representations},
 title = {beta-VAE: Learning Basic Visual Concepts with a Constrained Variational Framework},
 year = {2017}
}


@Article{Arora2019ATA,
 author = {Sanjeev Arora and H. Khandeparkar and M. Khodak and Orestis Plevrakis and Nikunj Saunshi},
 booktitle = {International Conference on Machine Learning},
 pages = {5628-5637},
 title = {A Theoretical Analysis of Contrastive Unsupervised Representation Learning},
 year = {2019}
}


@Article{Bulatov2024BeyondAB,
 author = {Aydar Bulatov and Yuri Kuratov and Yermek Kapushev and Mikhail Burtsev},
 booktitle = {AAAI Conference on Artificial Intelligence},
 pages = {17700-17708},
 title = {Beyond Attention: Breaking the Limits of Transformer Context Length with Recurrent Memory},
 year = {2024}
}

