%% LaTeX2e file `references.bib'
%% generated by the `filecontents' environment
%% from source `template' on 2025/01/25.
%%

@book{goodfellow2016deep,
  title={Deep learning},
  author={Goodfellow, Ian and Bengio, Yoshua and Courville, Aaron and Bengio, Yoshua},
  volume={1},
  year={2016},
  publisher={MIT Press}
}

@article{vaswani2017attention,
  title={Attention is all you need},
  author={Vaswani, Ashish and Shazeer, Noam and Parmar, Niki and Uszkoreit, Jakob and Jones, Llion and Gomez, Aidan N and Kaiser, {\L}ukasz and Polosukhin, Illia},
  journal={Advances in neural information processing systems},
  volume={30},
  year={2017}
}

@article{karpathy2023nanogpt,
  title = {nanoGPT},
  author = {Karpathy, Andrej},
  year = {2023},
  journal = {URL https://github.com/karpathy/nanoGPT/tree/master},
  note = {GitHub repository}
}

@article{kingma2014adam,
  title={Adam: A method for stochastic optimization},
  author={Kingma, Diederik P and Ba, Jimmy},
  journal={arXiv preprint arXiv:1412.6980},
  year={2014}
}

@article{ba2016layer,
  title={Layer normalization},
  author={Ba, Jimmy Lei and Kiros, Jamie Ryan and Hinton, Geoffrey E},
  journal={arXiv preprint arXiv:1607.06450},
  year={2016}
}

@article{loshchilov2017adamw,
  title={Decoupled weight decay regularization},
  author={Loshchilov, Ilya and Hutter, Frank},
  journal={arXiv preprint arXiv:1711.05101},
  year={2017}
}

@article{radford2019language,
  title={Language Models are Unsupervised Multitask Learners},
  author={Radford, Alec and Wu, Jeff and Child, Rewon and Luan, David and Amodei, Dario and Sutskever, Ilya},
  year={2019}
}

@article{bahdanau2014neural,
  title={Neural machine translation by jointly learning to align and translate},
  author={Bahdanau, Dzmitry and Cho, Kyunghyun and Bengio, Yoshua},
  journal={arXiv preprint arXiv:1409.0473},
  year={2014}
}

@article{paszke2019pytorch,
  title={Pytorch: An imperative style, high-performance deep learning library},
  author={Paszke, Adam and Gross, Sam and Massa, Francisco and Lerer, Adam and Bradbury, James and Chanan, Gregory and Killeen, Trevor and Lin, Zeming and Gimelshein, Natalia and Antiga, Luca and others},
  journal={Advances in neural information processing systems},
  volume={32},
  year={2019}
}

@misc{gpt4,
  title={GPT-4 Technical Report},
  author={OpenAI},
  year={2024},
  eprint={2303.08774},
  archivePrefix={arXiv},
  primaryClass={cs.CL},
  url={https://arxiv.org/abs/2303.08774},
}

@Article{Marks2024SparseFC,
 author = {Samuel Marks and Can Rager and Eric J. Michaud and Yonatan Belinkov and David Bau and Aaron Mueller},
 booktitle = {arXiv.org},
 journal = {ArXiv},
 title = {Sparse Feature Circuits: Discovering and Editing Interpretable Causal Graphs in Language Models},
 volume = {abs/2403.19647},
 year = {2024}
}


@Article{Cunningham2023SparseAF,
 author = {Hoagy Cunningham and Aidan Ewart and Logan Riggs and R. Huben and Lee Sharkey},
 booktitle = {International Conference on Learning Representations},
 journal = {ArXiv},
 title = {Sparse Autoencoders Find Highly Interpretable Features in Language Models},
 volume = {abs/2309.08600},
 year = {2023}
}


@Article{Hu2014AHN,
 author = {Tao Hu and C. Pehlevan and D. Chklovskii},
 booktitle = {Asilomar Conference on Signals, Systems and Computers},
 journal = {2014 48th Asilomar Conference on Signals, Systems and Computers},
 pages = {613-619},
 title = {A Hebbian/Anti-Hebbian network for online sparse dictionary learning derived from symmetric matrix factorization},
 year = {2014}
}


@Article{Olshausen1996EmergenceOS,
 author = {B. Olshausen and D. Field},
 booktitle = {Nature},
 journal = {Nature},
 pages = {607-609},
 title = {Emergence of simple-cell receptive field properties by learning a sparse code for natural images},
 volume = {381},
 year = {1996}
}


@Article{Mesnard2024GemmaOM,
 author = {Gemma Team Thomas Mesnard and Cassidy Hardin and Robert Dadashi and Surya Bhupatiraju and Shreya Pathak and L. Sifre and Morgane Rivière and Mihir Kale and J Christopher Love and P. Tafti and L'eonard Hussenot and Aakanksha Chowdhery and Adam Roberts and Aditya Barua and Alex Botev and Alex Castro-Ros and Ambrose Slone and Am'elie H'eliou and Andrea Tacchetti and Anna Bulanova and Antonia Paterson and Beth Tsai and Bobak Shahriari and Charline Le Lan and Christopher A. Choquette-Choo and Clé-ment Crepy and Daniel Cer and Daphne Ippolito and David Reid and Elena Buchatskaya and Eric Ni and Eric Noland and Geng Yan and George Tucker and George-Christian Muraru and Grig-ory Rozhdestvenskiy and H. Michalewski and Ian Tenney and Ivan Grishchenko and Jacob Austin and James Keeling and Jane Labanowski and Jean-Baptiste Lespiau and J. Stanway and Jenny Brennan and Jeremy Chen and Johan Ferret and Justin Chiu and J. Mao-Jones and Kather-ine Lee and Kathy Yu and Katie Millican and Lars Lowe Sjoesund and Lisa Lee and Lucas Dixon and Machel Reid and Maciej Mikuła and Mateo Wirth and Michael Sharman and Nikolai Chinaev and Nithum Thain and Olivier Bachem and Oscar Chang and O. Wahltinez and Paige Bailey and Paul Michel and Petko Yotov and Pier Giuseppe Sessa and Rahma Chaabouni and Ramona Comanescu and Reena Jana and Rohan Anil and Ross McIlroy and Ruibo Liu and Ryan Mullins and Samuel L Smith and Sebastian Borgeaud and Sertan Girgin and Sholto Douglas and Shree Pandya and Siamak Shakeri and Soham De and Ted Klimenko and Tom Hennigan and Vladimir Feinberg and Wojciech Stokowiec and Yu-hui Chen and Zafarali Ahmed and Zhitao Gong and Tris Warkentin and Ludovic Peran and Minh Giang and Clément Farabet and O. Vinyals and Jeffrey Dean and K. Kavukcuoglu and D. Hassabis and Z. Ghahramani and Douglas Eck and Joelle Barral and Fernando Pereira and Eli Collins and Armand Joulin and Noah Fiedel and Evan Senter and Alek Andreev and Kathleen Kenealy},
 booktitle = {arXiv.org},
 journal = {ArXiv},
 title = {Gemma: Open Models Based on Gemini Research and Technology},
 volume = {abs/2403.08295},
 year = {2024}
}


@Inproceedings{Geiger2023CausalAA,
 author = {Atticus Geiger and D. Ibeling and Amir Zur and Maheep Chaudhary and Sonakshi Chauhan and Jing Huang and Aryaman Arora and Zhengxuan Wu and Noah D. Goodman and Christopher Potts and Thomas F. Icard},
 title = {Causal Abstraction: A Theoretical Foundation for Mechanistic Interpretability},
 year = {2023}
}


@Article{Bengio2009CurriculumL,
 author = {Yoshua Bengio and J. Louradour and R. Collobert and J. Weston},
 booktitle = {International Conference on Machine Learning},
 pages = {41-48},
 title = {Curriculum learning},
 year = {2009}
}


@Article{Gehring2017ConvolutionalST,
 author = {Jonas Gehring and Michael Auli and David Grangier and Denis Yarats and Yann Dauphin},
 booktitle = {International Conference on Machine Learning},
 journal = {ArXiv},
 title = {Convolutional Sequence to Sequence Learning},
 volume = {abs/1705.03122},
 year = {2017}
}


@Article{Weinshall2018CurriculumLB,
 author = {D. Weinshall and Gad Cohen},
 booktitle = {International Conference on Machine Learning},
 pages = {5235-5243},
 title = {Curriculum Learning by Transfer Learning: Theory and Experiments with Deep Networks},
 year = {2018}
}


@Article{Weinshall2018CurriculumLB,
 author = {D. Weinshall and Gad Cohen},
 booktitle = {International Conference on Machine Learning},
 pages = {5235-5243},
 title = {Curriculum Learning by Transfer Learning: Theory and Experiments with Deep Networks},
 year = {2018}
}


@Article{Weinshall2018CurriculumLB,
 author = {D. Weinshall and Gad Cohen},
 booktitle = {International Conference on Machine Learning},
 pages = {5235-5243},
 title = {Curriculum Learning by Transfer Learning: Theory and Experiments with Deep Networks},
 year = {2018}
}


@Article{Scellier2021ADL,
 author = {B. Scellier},
 booktitle = {arXiv.org},
 journal = {ArXiv},
 title = {A deep learning theory for neural networks grounded in physics},
 volume = {abs/2103.09985},
 year = {2021}
}


@Article{Ranaldi2023ModelingEF,
 author = {Leonardo Ranaldi and Giulia Pucci and F. M. Zanzotto},
 booktitle = {Recent Advances in Natural Language Processing},
 pages = {937-948},
 title = {Modeling Easiness for Training Transformers with Curriculum Learning},
 year = {2023}
}


@Article{Ranaldi2023ModelingEF,
 author = {Leonardo Ranaldi and Giulia Pucci and F. M. Zanzotto},
 booktitle = {Recent Advances in Natural Language Processing},
 pages = {937-948},
 title = {Modeling Easiness for Training Transformers with Curriculum Learning},
 year = {2023}
}


@Article{Meng2024APU,
 author = {Guangyu Meng and Qingkai Zeng and John P. Lalor and Hong Yu},
 booktitle = {arXiv.org},
 journal = {ArXiv},
 title = {A Psychology-based Unified Dynamic Framework for Curriculum Learning},
 volume = {abs/2408.05326},
 year = {2024}
}

