%% LaTeX2e file `references.bib'
%% generated by the `filecontents' environment
%% from source `template' on 2025/01/25.
%%

@book{goodfellow2016deep,
  title={Deep learning},
  author={Goodfellow, Ian and Bengio, Yoshua and Courville, Aaron and Bengio, Yoshua},
  volume={1},
  year={2016},
  publisher={MIT Press}
}

@article{vaswani2017attention,
  title={Attention is all you need},
  author={Vaswani, Ashish and Shazeer, Noam and Parmar, Niki and Uszkoreit, Jakob and Jones, Llion and Gomez, Aidan N and Kaiser, {\L}ukasz and Polosukhin, Illia},
  journal={Advances in neural information processing systems},
  volume={30},
  year={2017}
}

@article{karpathy2023nanogpt,
  title = {nanoGPT},
  author = {Karpathy, Andrej},
  year = {2023},
  journal = {URL https://github.com/karpathy/nanoGPT/tree/master},
  note = {GitHub repository}
}

@article{kingma2014adam,
  title={Adam: A method for stochastic optimization},
  author={Kingma, Diederik P and Ba, Jimmy},
  journal={arXiv preprint arXiv:1412.6980},
  year={2014}
}

@article{ba2016layer,
  title={Layer normalization},
  author={Ba, Jimmy Lei and Kiros, Jamie Ryan and Hinton, Geoffrey E},
  journal={arXiv preprint arXiv:1607.06450},
  year={2016}
}

@article{loshchilov2017adamw,
  title={Decoupled weight decay regularization},
  author={Loshchilov, Ilya and Hutter, Frank},
  journal={arXiv preprint arXiv:1711.05101},
  year={2017}
}

@article{radford2019language,
  title={Language Models are Unsupervised Multitask Learners},
  author={Radford, Alec and Wu, Jeff and Child, Rewon and Luan, David and Amodei, Dario and Sutskever, Ilya},
  year={2019}
}

@article{bahdanau2014neural,
  title={Neural machine translation by jointly learning to align and translate},
  author={Bahdanau, Dzmitry and Cho, Kyunghyun and Bengio, Yoshua},
  journal={arXiv preprint arXiv:1409.0473},
  year={2014}
}

@article{paszke2019pytorch,
  title={Pytorch: An imperative style, high-performance deep learning library},
  author={Paszke, Adam and Gross, Sam and Massa, Francisco and Lerer, Adam and Bradbury, James and Chanan, Gregory and Killeen, Trevor and Lin, Zeming and Gimelshein, Natalia and Antiga, Luca and others},
  journal={Advances in neural information processing systems},
  volume={32},
  year={2019}
}

@misc{gpt4,
  title={GPT-4 Technical Report},
  author={OpenAI},
  year={2024},
  eprint={2303.08774},
  archivePrefix={arXiv},
  primaryClass={cs.CL},
  url={https://arxiv.org/abs/2303.08774},
}

@Article{Olshausen1996EmergenceOS,
 author = {B. Olshausen and D. Field},
 booktitle = {Nature},
 journal = {Nature},
 pages = {607-609},
 title = {Emergence of simple-cell receptive field properties by learning a sparse code for natural images},
 volume = {381},
 year = {1996}
}


@Article{Mairal2009OnlineLF,
 author = {J. Mairal and F. Bach and J. Ponce and G. Sapiro},
 booktitle = {Journal of machine learning research},
 journal = {J. Mach. Learn. Res.},
 pages = {19-60},
 title = {Online Learning for Matrix Factorization and Sparse Coding},
 volume = {11},
 year = {2009}
}


@Article{Bell1995AnIA,
 author = {A. J. Bell and T. Sejnowski},
 booktitle = {Neural Computation},
 journal = {Neural Computation},
 pages = {1129-1159},
 title = {An Information-Maximization Approach to Blind Separation and Blind Deconvolution},
 volume = {7},
 year = {1995}
}


@Article{Bengio2007LearningDA,
 author = {Yoshua Bengio},
 booktitle = {Found. Trends Mach. Learn.},
 journal = {Found. Trends Mach. Learn.},
 pages = {1-127},
 title = {Learning Deep Architectures for AI},
 volume = {2},
 year = {2007}
}


@Article{Ranzato2006EfficientLO,
 author = {Marc'Aurelio Ranzato and Christopher S. Poultney and S. Chopra and Yann LeCun},
 booktitle = {Neural Information Processing Systems},
 pages = {1137-1144},
 title = {Efficient Learning of Sparse Representations with an Energy-Based Model},
 year = {2006}
}


@Article{Ranzato2006EfficientLO,
 author = {Marc'Aurelio Ranzato and Christopher S. Poultney and S. Chopra and Yann LeCun},
 booktitle = {Neural Information Processing Systems},
 pages = {1137-1144},
 title = {Efficient Learning of Sparse Representations with an Energy-Based Model},
 year = {2006}
}


@Article{Mairal2009OnlineLF,
 author = {J. Mairal and F. Bach and J. Ponce and G. Sapiro},
 booktitle = {Journal of machine learning research},
 journal = {J. Mach. Learn. Res.},
 pages = {19-60},
 title = {Online Learning for Matrix Factorization and Sparse Coding},
 volume = {11},
 year = {2009}
}


@Article{Lee2006EfficientSC,
 author = {Honglak Lee and Alexis Battle and Rajat Raina and A. Ng},
 booktitle = {Neural Information Processing Systems},
 pages = {801-808},
 title = {Efficient sparse coding algorithms},
 year = {2006}
}


@Article{Lee2006EfficientSC,
 author = {Honglak Lee and Alexis Battle and Rajat Raina and A. Ng},
 booktitle = {Neural Information Processing Systems},
 pages = {801-808},
 title = {Efficient sparse coding algorithms},
 year = {2006}
}


@Article{Chen2016InfoGANIR,
 author = {Xi Chen and Yan Duan and Rein Houthooft and John Schulman and I. Sutskever and P. Abbeel},
 booktitle = {Neural Information Processing Systems},
 pages = {2172-2180},
 title = {InfoGAN: Interpretable Representation Learning by Information Maximizing Generative Adversarial Nets},
 year = {2016}
}


@Article{Chen2016InfoGANIR,
 author = {Xi Chen and Yan Duan and Rein Houthooft and John Schulman and I. Sutskever and P. Abbeel},
 booktitle = {Neural Information Processing Systems},
 pages = {2172-2180},
 title = {InfoGAN: Interpretable Representation Learning by Information Maximizing Generative Adversarial Nets},
 year = {2016}
}


@Article{Bau2017NetworkDQ,
 author = {David Bau and Bolei Zhou and A. Khosla and A. Oliva and A. Torralba},
 booktitle = {Computer Vision and Pattern Recognition},
 journal = {2017 IEEE Conference on Computer Vision and Pattern Recognition (CVPR)},
 pages = {3319-3327},
 title = {Network Dissection: Quantifying Interpretability of Deep Visual Representations},
 year = {2017}
}


@Article{Merullo2024TalkingHU,
 author = {Jack Merullo and Carsten Eickhoff and Ellie Pavlick},
 booktitle = {arXiv.org},
 journal = {ArXiv},
 title = {Talking Heads: Understanding Inter-layer Communication in Transformer Language Models},
 volume = {abs/2406.09519},
 year = {2024}
}

@Article{Mondorf2024CircuitCE,
 author = {Philipp Mondorf and Sondre Wold and Barbara Plank},
 booktitle = {arXiv.org},
 journal = {ArXiv},
 title = {Circuit Compositions: Exploring Modular Structures in Transformer-Based Language Models},
 volume = {abs/2410.01434},
 year = {2024}
}


@Article{Yosinski2015UnderstandingNN,
 author = {J. Yosinski and J. Clune and Anh Totti Nguyen and Thomas J. Fuchs and Hod Lipson},
 booktitle = {arXiv.org},
 journal = {ArXiv},
 title = {Understanding Neural Networks Through Deep Visualization},
 volume = {abs/1506.06579},
 year = {2015}
}

